@String {LFP84 = "Proceedings of the 1984 ACM Symposium on LISP and Functional Programming"}
@String {SDE1 = "Proceedings of the 1st ACM SIGSOFT/SIGPLAN Software Engineering Symposium on Practical Software Development Environments"}

@STRING{CACM = "Communications of the ACM"}

%Introduction 
@inproceedings{joho2010survey,
  title={A survey of patent users: an analysis of tasks, behavior, search functionality and system requirements},
  author={Joho, Hideo and Azzopardi, Leif A and Vanderbauwhede, Wim},
  booktitle={Proceedings of the third symposium on Information interaction in context},
  pages={13--24},
  year={2010},
  organization={ACM}
}

@incollection{piroi2013overview,
  title={Overview of CLEF-IP 2013 Lab},
  author={Piroi, Florina and Lupu, Mihai and Hanbury, Allan},
  booktitle={Information Access Evaluation. Multilinguality, Multimodality, and Visualization},
  pages={232--249},
  year={2013},
  publisher={Springer}
}

@incollection{piroi2013passage,
  title={Passage Retrieval Starting from Patent Claims. A Clef-Ip 2013 Task Overview},
  author={Piroi, Florina and Lupu, Mihai and Hanbury, Allan},
  booktitle={CLEF (Online Working Notes/Labs/Workshop)},
  year={2013},
  }
  
@inproceedings{DBLP:conf/clef/PiroiLHSMF12,
  author    = {Florina Piroi and
               Mihai Lupu and
               Allan Hanbury and
               Alan P. Sexton and
               Walid Magdy and
               Igor V. Filippov},
  title     = {CLEF-IP 2012: Retrieval Experiments in the Intellectual
               Property Domain},
  booktitle = {CLEF (Online Working Notes/Labs/Workshop)},
  year      = {2012},
  ee        = {http://www.clef-initiative.eu/documents/71612/c30f390b-dec6-4ba0-a423-daea1a30f256},
  crossref  = {DBLP:conf/clef/2012w},
  bibsource = {DBLP, http://dblp.uni-trier.de}
}  

@proceedings{DBLP:conf/clef/2012w,
  editor    = {Pamela Forner and
               Jussi Karlgren and
               Christa Womser{-}Hacker},
  title     = {{CLEF} 2012 Evaluation Labs and Workshop, Online Working Notes, Rome,
               Italy, September 17-20, 2012},
  series    = {{CEUR} Workshop Proceedings},
  volume    = {1178},
  publisher = {CEUR-WS.org},
  year      = {2012},
  url       = {http://ceur-ws.org/Vol-1178},
  isbn      = {978-88-904810-3-1},
  timestamp = {Thu, 08 Jan 4434026 04:44:00 +},
  biburl    = {http://dblp.uni-trier.de/rec/bib/conf/clef/2012w},
  bibsource = {dblp computer science bibliography, http://dblp.org}
}
@article{lupu2013patent,
  title={Patent Retrieval.},
  author={Lupu, Mihai and Hanbury, Allan and others},
  journal={Foundations and Trends in Information Retrieval},
  volume={7},
  number={1},
  pages={1--97},
  year={2013},
  publisher={Citeseer}
}

@article{arampatzis2007access,
  title={Access to legal documents: Exact match, best match, and combinations},
  author={Arampatzis, Avi and Kamps, Jaap and Koolen, Marijn and Nussbaum, Nir},
  year={2007},
  publisher={National Institute of Standards and Technology (NIST)}
}

@inproceedings{leong2001patent,
  title={Patent data for IR research and evaluation},
  author={Leong, MK},
  booktitle={Proceedings of the 2nd NTCIR Workshop Meeting on Evaluation of Information Access Technologies: Information Retrieval, Question Answering and Cross-lingual Information Access, Tokyo, Japan},
  pages={359--365},
  year={2001}
}

@inproceedings{iwayama2003overview,
  title={Overview of patent retrieval task at NTCIR-3},
  author={Iwayama, Makoto and Fujii, Atsushi and Kando, Noriko and Takano, Akihiko},
  booktitle={Proceedings of the ACL-2003 workshop on Patent corpus processing-Volume 20},
  pages={24--32},
  year={2003},
  organization={Association for Computational Linguistics}
}

@inproceedings{fujii2004overview,
  title={Overview of patent retrieval task at NTCIR-4},
  author={Fujii, Atsushi and Iwayama, Makoto and Kando, Noriko},
  booktitle={Proceedings of the Fourth NTCIR Workshop on Research in Information Access Technologies Information Retrieval, Question Answering and Summarization},
  pages={232--241},
  year={2004}
}

@inproceedings{fujii2007overview,
  title={Overview of the patent retrieval task at the NTCIR-6 workshop},
  author={Fujii, Atsushi and Iwayama, Makoto and Kando, Noriko},
  booktitle={Proceedings of the Sixth NTCIR Workshop Meeting},
  pages={359--365},
  year={2007}
}

%data collection
@phdthesis{magdy2012toward,
  title={Toward higher effectiveness for recall-oriented information retrieval: A patent retrieval case study},
  author={Magdy, Walid},
  year={2012},
  school={Dublin City University}
}


%---------------- general IR ------------------
%IR MODELS

@article{zhai2004study,
  title={A study of smoothing methods for language models applied to information retrieval},
  author={Zhai, Chengxiang and Lafferty, John},
  journal={ACM Transactions on Information Systems (TOIS)},
  volume={22},
  number={2},
  pages={179--214},
  year={2004},
  publisher={ACM}
}

@book{croft2010search,
  title={Search engines: Information retrieval in practice},
  author={Croft, W Bruce and Metzler, Donald and Strohman, Trevor},
  year={2010},
  publisher={Addison-Wesley Reading}
}

@book{manning2008introduction,
  title={Introduction to information retrieval},
  author={Manning, Christopher D and Raghavan, Prabhakar and Sch{\"u}tze, Hinrich},
  volume={1},
  year={2008},
  publisher={Cambridge university press Cambridge}
}

@book{Baeza-Yates2011,
  author    = {Ricardo A. Baeza{-}Yates and
               Berthier A. Ribeiro{-}Neto},
  title     = {Modern Information Retrieval - the concepts and technology behind
               search, Second edition},
  publisher = {Pearson Education Ltd., Harlow, England},
  year      = {2011}
}

%PRF
@inproceedings{cao2008selecting,
  title={Selecting good expansion terms for pseudo-relevance feedback},
  author={Cao, Guihong and Nie, Jian-Yun and Gao, Jianfeng and Robertson, Stephen},
  booktitle={Proceedings of the 31st annual international ACM SIGIR conference on Research and development in information retrieval},
  pages={243--250},
  year={2008},
  organization={ACM}
}

%QR

@inproceedings{bendersky2008discovering,
  title={Discovering key concepts in verbose queries},
  author={Bendersky, Michael and Croft, W Bruce},
  booktitle={Proceedings of the 31st annual international ACM SIGIR conference on Research and development in information retrieval},
  pages={491--498},
  year={2008},
  organization={ACM}
}

@inproceedings{kumaran2009reducing,
  title={Reducing long queries using query quality predictors},
  author={Kumaran, Giridhar and Carvalho, Vitor R},
  booktitle={Proceedings of the 32nd international ACM SIGIR conference on Research and development in information retrieval},
  pages={564--571},
  year={2009},
  organization={ACM}
}

@inproceedings{balasubramanian2010exploring,
  title={Exploring reductions for long web queries},
  author={Balasubramanian, Niranjan and Kumaran, Giridhar and Carvalho, Vitor R},
  booktitle={Proceedings of the 33rd international ACM SIGIR conference on Research and development in information retrieval},
  pages={571--578},
  year={2010},
  organization={ACM}
}

@incollection{lease2009regression,
  title={Regression rank: Learning to meet the opportunity of descriptive queries},
  author={Lease, Matthew and Allan, James and Croft, W Bruce},
  booktitle={Advances in Information Retrieval},
  pages={90--101},
  year={2009},
  publisher={Springer}
}

@inproceedings{bendersky2010learning,
  title={Learning concept importance using a weighted dependence model},
  author={Bendersky, Michael and Metzler, Donald and Croft, W Bruce},
  booktitle={Proceedings of the third ACM international conference on Web search and data mining},
  pages={31--40},
  year={2010},
  organization={ACM}
}

%----------------------------------------------------------------------------

%-------------------------- patent-specific IR ------------------------------
%PRF

@inproceedings{ganguly2011united,
  title={United we fall, divided we stand: A study of query segmentation and PRF for patent prior art search},
  author={Ganguly, Debasis and Leveling, Johannes and Jones, Gareth JF},
  booktitle={Proceedings of the 4th workshop on Patent information retrieval},
  pages={13--18},
  year={2011},
  organization={ACM}
}

@inproceedings{he2009finding,
  title={Finding good feedback documents},
  author={He, Ben and Ounis, Iadh},
  booktitle={Proceedings of the 18th ACM conference on Information and knowledge management},
  pages={2011--2014},
  year={2009},
  organization={ACM}
}



%Query Formulation

@phdthesis{kim2014searching,
  title={SEARCHING BASED ON QUERY DOCUMENTS},
  author={KIM, YOUNGHO},
  year={2014},
  school={University of Massachusetts Amherst}
}

@inproceedings{kim2014diversifying,
  title={Diversifying query suggestions based on query documents},
  author={Kim, Youngho and Croft, W Bruce},
  booktitle={Proceedings of the 37th international ACM SIGIR conference on Research \& development in information retrieval},
  pages={891--894},
  year={2014},
  organization={ACM}
}

@incollection{magdy2010exploring,
  title={Exploring structured documents and query formulation techniques for patent retrieval},
  author={Magdy, Walid and Leveling, Johannes and Jones, Gareth JF},
  booktitle={Multilingual Information Access Evaluation I. Text Retrieval Experiments},
  pages={410--417},
  year={2010},
  publisher={Springer}
}

@article{cetintas2012effective,
  title={Effective query generation and postprocessing strategies for prior art patent search},
  author={Cetintas, Suleyman and Si, Luo},
  journal={Journal of the American Society for Information Science and Technology},
  volume={63},
  number={3},
  pages={512--527},
  year={2012},
  publisher={Wiley Online Library}
}

@incollection{mahdabi2011building,
  title={Building queries for prior-art search},
  author={Mahdabi, Parvaz and Keikha, Mostafa and Gerani, Shima and Landoni, Monica and Crestani, Fabio},
  booktitle={Multidisciplinary Information Retrieval},
  pages={3--15},
  year={2011},
  publisher={Springer}
}

@incollection{nguyen2012query,
  title={Query enhancement for patent prior-art-search based on keyterm dependency relations and semantic tags},
  author={Nguyen, Khanh-Ly and Myaeng, Sung-Hyon},
  booktitle={Multidisciplinary Information Retrieval},
  pages={28--42},
  year={2012},
  publisher={Springer}
}

@inproceedings{itoh2003term,
  title={Term distillation in patent retrieval},
  author={Itoh, Hideo and Mano, Hiroko and Ogawa, Yasushi},
  booktitle={Proceedings of the ACL-2003 workshop on Patent corpus processing-Volume 20},
  pages={41--45},
  year={2003},
  organization={Association for Computational Linguistics}
}

@inproceedings{perez2010using,
  title={Using BM25F and KLD for patent retrieval},
  author={P{\'e}rez-Iglesias, Joaqu{\i}n and Rodrigo, Alvaro and Fresno, V{\i}ctor},
  booktitle={CLEF-2010 (Notebook Papers/LABs/Workshops)},
  year={2010}
}

@inproceedings{xue2009transforming,
  title={Transforming patents into prior-art queries},
  author={Xue, Xiaoibng and Croft, W Bruce},
  booktitle={Proceedings of the 32nd international ACM SIGIR conference on Research and development in information retrieval},
  pages={808--809},
  year={2009},
  organization={ACM}
}

@inproceedings{xue2009automatic,
  title={Automatic query generation for patent search},
  author={Xue, Xiaobing and Croft, W Bruce},
  booktitle={Proceedings of the 18th ACM conference on Information and knowledge management},
  pages={2037--2040},
  year={2009},
  organization={ACM}
}

@inproceedings{becks2010phrases,
  title={Phrases or Terms? The Impact of Different Query Types.},
  author={Becks, Daniela and Mandl, Thomas and Womser-Hacker, Christa},
  booktitle={CLEF (Notebook Papers/LABs/Workshops)},
  year={2010}
}

%Retrievability

@inproceedings{bashir2009improving,
  title={Improving retrievability of patents with cluster-based pseudo-relevance feedback documents selection},
  author={Bashir, Shariq and Rauber, Andreas},
  booktitle={Proceedings of the 18th ACM conference on Information and knowledge management},
  pages={1863--1866},
  year={2009},
  organization={ACM}
}

@incollection{bashir2010improving,
  title={Improving retrievability of patents in prior-art search},
  author={Bashir, Shariq and Rauber, Andreas},
  booktitle={Advances in Information Retrieval},
  pages={457--470},
  year={2010},
  publisher={Springer}
}

@article{bashir2011relationship,
  title={On the relationship between query characteristics and IR functions retrieval bias},
  author={Bashir, Shariq and Rauber, Andreas},
  journal={Journal of the American Society for Information Science and Technology},
  volume={62},
  number={8},
  pages={1515--1532},
  year={2011},
  publisher={Wiley Online Library}
}

@incollection{bache2010improving,
  title={Improving access to large patent corpora},
  author={Bache, Richard and Azzopardi, Leif},
  booktitle={Transactions on large-scale data-and knowledge-centered systems II},
  pages={103--121},
  year={2010},
  publisher={Springer}
}

@inproceedings{azzopardi2008retrievability,
  title={Retrievability: an evaluation measure for higher order information access tasks},
  author={Azzopardi, Leif and Vinay, Vishwa},
  booktitle={Proceedings of the 17th ACM conference on Information and knowledge management},
  pages={561--570},
  year={2008},
  organization={ACM}
}

@inproceedings{bashir2009analyzing,
  title={Analyzing document retrievability in patent retrieval settings},
  author={Bashir, Shariq and Rauber, Andreas},
  booktitle={Database and Expert Systems Applications},
  pages={753--760},
  year={2009},
  organization={Springer}
}

@article{fujii2007introduction,
  title={Introduction to the special issue on patent processing},
  author={Fujii, Atsushi and Iwayama, Makoto and Kando, Noriko},
  journal={Information Processing \& Management},
  volume={43},
  number={5},
  pages={1149--1153},
  year={2007},
  publisher={Elsevier}
}

@inproceedings{kontostathis2008effect,
  title={The Effect of Normalization when Recall Really Matters.},
  author={Kontostathis, April and Kulp, Scott},
  booktitle={IKE},
  pages={96--101},
  year={2008}
}

%query expansion

@inproceedings{magdy2011study,
  title={A study on query expansion methods for patent retrieval},
  author={Magdy, Walid and Jones, Gareth JF},
  booktitle={Proceedings of the 4th workshop on Patent information retrieval},
  pages={19--24},
  year={2011},
  organization={ACM}
}

@inproceedings{sahlgren2002english,
  title={English-japanese cross-lingual query expansion using random indexing of aligned bilingual text data},
  author={Sahlgren, Magnus and Hansen, Preben and Karlgren, Jussi},
  booktitle={The Philosophical Writings of Gottlob Frege},
  year={2002},
  organization={Citeseer}
}

@inproceedings{mahdabi2012automatic,
  title={Automatic refinement of patent queries using concept importance predictors},
  author={Mahdabi, Parvaz and Andersson, Linda and Keikha, Mostafa and Crestani, Fabio},
  booktitle={Proceedings of the 35th international ACM SIGIR conference on Research and development in information retrieval},
  pages={505--514},
  year={2012},
  organization={ACM}
}

@inproceedings{mahdabi2013leveraging,
  title={Leveraging conceptual lexicon: query disambiguation using proximity information for patent retrieval},
  author={Mahdabi, Parvaz and Gerani, Shima and Huang, Jimmy Xiangji and Crestani, Fabio},
  booktitle={Proceedings of the 36th international ACM SIGIR conference on Research and development in information retrieval},
  pages={113--122},
  year={2013},
  organization={ACM}
}

@incollection{jochim2011expanding,
  title={Expanding queries with term and phrase translations in patent retrieval},
  author={Jochim, Charles and Lioma, Christina and Sch{\"u}tze, Hinrich},
  booktitle={Multidisciplinary Information Retrieval},
  pages={16--29},
  year={2011},
  publisher={Springer}
}

@inproceedings{kishida2003experiment,
  title={Experiment on pseudo relevance feedback method using taylor formula at NTCIR-3 patent retrieval task},
  author={Kishida, Kazuaki},
  booktitle={Proceedings of the Third NTCIR Workshop on Research in Information Retrieval, Automatic Text Summarization and Question Answering},
  year={2003},
  organization={Citeseer}
}

@inproceedings{konishi2005query,
  title={Query terms extraction from patent document for invalidity search},
  author={Konishi, Kazuya},
  booktitle={Proc. of NTCIR},
  volume={5},
  year={2005}
}

@inproceedings{lee2008cluster,
  title={A cluster-based resampling method for pseudo-relevance feedback},
  author={Lee, Kyung Soon and Croft, W Bruce and Allan, James},
  booktitle={Proceedings of the 31st annual international ACM SIGIR conference on Research and development in information retrieval},
  pages={235--242},
  year={2008},
  organization={ACM}
}

@article{miller1990introduction,
  title={Introduction to wordnet: An on-line lexical database*},
  author={Miller, George A and Beckwith, Richard and Fellbaum, Christiane and Gross, Derek and Miller, Katherine J},
  journal={International journal of lexicography},
  volume={3},
  number={4},
  pages={235--244},
  year={1990},
  publisher={Oxford Univ Press}
}

%query reduction

@inproceedings{ganguly2011patent,
  title={Patent query reduction using pseudo relevance feedback},
  author={Ganguly, Debasis and Leveling, Johannes and Magdy, Walid and Jones, Gareth JF},
  booktitle={Proceedings of the 20th ACM international conference on Information and knowledge management},
  pages={1953--1956},
  year={2011},
  organization={ACM}
}

@incollection{mahdabi2012learning,
  title={Learning-based pseudo-relevance feedback for patent retrieval},
  author={Mahdabi, Parvaz and Crestani, Fabio},
  booktitle={Multidisciplinary Information Retrieval},
  pages={1--11},
  year={2012},
  publisher={Springer}
}

@inproceedings{mahdabi2011report,
  title={Report on the CLEF-IP 2011 Experiments: Exploring Patent Summarization.},
  author={Mahdabi, Parvaz and Andersson, Linda and Hanbury, Allan and Crestani, Fabio},
  booktitle={CLEF (Notebook Papers/Labs/Workshop)},
  year={2011}
}

@article{hearst1997texttiling,
  title={TextTiling: Segmenting text into multi-paragraph subtopic passages},
  author={Hearst, Marti A},
  journal={Computational linguistics},
  volume={23},
  number={1},
  pages={33--64},
  year={1997},
  publisher={MIT Press}
}

%Phrases instead of Terms

@inproceedings{osborn1997evaluating,
  title={Evaluating document retrieval in patent database: a preliminary report},
  author={Osborn, Mark and Strzalkowski, Tomek and Marinescu, Mihnea},
  booktitle={Proceedings of the sixth international conference on Information and knowledge management},
  pages={216--221},
  year={1997},
  organization={ACM}
}

@inproceedings{d2011combining,
  title={Combining Document Representations for Prior-art Retrieval.},
  author={D'hondt, Eva and Verberne, Suzan and Alink, Wouter and Cornacchia, Roberto},
  booktitle={CLEF (Notebook Papers/Labs/Workshop)},
  year={2011}
}

@inproceedings{verma2011applying,
  title={Applying key phrase extraction to aid invalidity search},
  author={Verma, Manisha and Varma, Vasudeva},
  booktitle={Proceedings of the 13th International Conference on Artificial Intelligence and Law},
  pages={249--255},
  year={2011},
  organization={ACM}
}

%Metrics

@inproceedings{magdy2010pres,
  title={PRES: a score metric for evaluating recall-oriented information retrieval applications},
  author={Magdy, Walid and Jones, Gareth JF},
  booktitle={Proceedings of the 33rd international ACM SIGIR conference on Research and development in information retrieval},
  pages={611--618},
  year={2010},
  organization={ACM}
}

@incollection{trippe2011evaluating,
  title={Evaluating real patent retrieval effectiveness},
  author={Trippe, Anthony and Ruthven, Ian},
  booktitle={Current Challenges in Patent Information Retrieval},
  pages={125--143},
  year={2011},
  publisher={Springer}
}

%Citation

@article{magdy2010applying,
  title={Applying the KISS principle for the CLEF-IP 2010 prior art candidate patent search task},
  author={Magdy, Walid and Jones, Gareth JF},
  year={2010}
}

@incollection{magdy2011simple,
  title={Simple vs. sophisticated approaches for patent prior-art search},
  author={Magdy, Walid and Lopez, Patrice and Jones, Gareth JF},
  booktitle={Advances in Information Retrieval},
  pages={725--728},
  year={2011},
  publisher={Springer}
}

@inproceedings{lopez2010experiments,
  title={Experiments with citation mining and key-term extraction for prior art search},
  author={Lopez, Patrice and Romary, Laurent and others},
  booktitle={CLEF 2010-Conference on Multilingual and Multimodal Information Access Evaluation},
  year={2010}
}

@inproceedings{fujii2007enhancing,
  title={Enhancing patent retrieval by citation analysis},
  author={Fujii, Atsushi},
  booktitle={Proceedings of the 30th annual international ACM SIGIR conference on Research and development in information retrieval},
  pages={793--794},
  year={2007},
  organization={ACM}
}

@inproceedings{fujii2007integrating,
  title={Integrating content and citation information for the NTCIR-6 patent retrieval task},
  author={Fujii, Atsushi},
  booktitle={Proceedings of NTCIR-6 Workshop Meeting},
  pages={377--380},
  year={2007}
}

@incollection{gobeill2010simple,
  title={Simple pre and post processing strategies for patent searching in clef intellectual property track 2009},
  author={Gobeill, Julien and Pasche, Emilie and Teodoro, Douglas and Ruch, Patrick},
  booktitle={Multilingual Information Access Evaluation I. Text Retrieval Experiments},
  pages={444--451},
  year={2010},
  publisher={Springer}
}

@inproceedings{gurulingappa2010prior,
  title={Prior Art Search in Chemistry Patents Based On Semantic Concepts and Co-Citation Analysis.},
  author={Gurulingappa, Harsha and M{\"u}ller, Bernd and Klinger, Roman and Mevissen, Heinz-Theodor and Hofmann-Apitius, Martin and Friedrich, Christoph M and Fluck, Juliane},
  booktitle={TREC},
  year={2010}
}

@article{lopez2009multiple,
  title={Multiple retrieval models and regression models for prior art search},
  author={Lopez, Patrice and Romary, Laurent},
  journal={arXiv preprint arXiv:0908.4413},
  year={2009}
}

@article{fujita2005revisiting,
  title={Revisiting document length hypotheses: A comparative study of Japanese newspaper and patent retrieval},
  author={Fujita, Sumio},
  journal={ACM Transactions on Asian Language Information Processing (TALIP)},
  volume={4},
  number={2},
  pages={207--235},
  year={2005},
  publisher={ACM}
}

@incollection{graf2010knowledge,
  title={Knowledge modeling in prior art search},
  author={Graf, Erik and Frommholz, Ingo and Lalmas, Mounia and Van Rijsbergen, Keith},
  booktitle={Advances in Multidisciplinary Retrieval},
  pages={31--46},
  year={2010},
  publisher={Springer}
}

@incollection{herbert2010prior,
  title={Prior art search using international patent classification codes and all-claims-queries},
  author={Herbert, Benjamin and Szarvas, Gy{\"o}rgy and Gurevych, Iryna},
  booktitle={Multilingual Information Access Evaluation I. Text Retrieval Experiments},
  pages={452--459},
  year={2010},
  publisher={Springer}
}

@article{kang2007cluster,
  title={Cluster-based patent retrieval},
  author={Kang, In-Su and Na, Seung-Hoon and Kim, Jungi and Lee, Jong-Hyeok},
  journal={Information processing \& management},
  volume={43},
  number={5},
  pages={1173--1182},
  year={2007},
  publisher={Elsevier}
}


%2-stages

@inproceedings{takaki2004associative,
  title={Associative document retrieval by query subtopic analysis and its application to invalidity patent search},
  author={Takaki, Toru and Fujii, Atsushi and Ishikawa, Tetsuya},
  booktitle={Proceedings of the thirteenth ACM international conference on Information and knowledge management},
  pages={399--405},
  year={2004},
  organization={ACM}
}

@article{mase2005proposal,
  title={Proposal of two-stage patent retrieval method considering the claim structure},
  author={Mase, Hisao and Matsubayashi, Tadataka and Ogawa, Yuichi and Iwayama, Makoto and Oshio, Tadaaki},
  journal={ACM Transactions on Asian Language Information Processing (TALIP)},
  volume={4},
  number={2},
  pages={190--206},
  year={2005},
  publisher={ACM}
}

@inproceedings{verma2011exploring,
  title={Exploring Keyphrase Extraction and IPC Classification Vectors for Prior Art Search.},
  author={Verma, Manisha and Varma, Vasudeva},
  booktitle={CLEF (Notebook Papers/Labs/Workshop)},
  year={2011}
}

%Classification code

@inproceedings{harris2010comparison,
  title={Comparison of IPC and USPC classification systems in patent prior art searches},
  author={Harris, Christopher G and Arens, Robert and Srinivasan, Padmini},
  booktitle={Proceedings of the 3rd international workshop on Patent Information Retrieval},
  pages={27--32},
  year={2010},
  organization={ACM}
}

@incollection{harris2011using,
  title={Using classification code hierarchies for patent prior art searches},
  author={Harris, Christopher G and Arens, Robert and Srinivasan, Padmini},
  booktitle={Current challenges in patent information retrieval},
  pages={287--304},
  year={2011},
  publisher={Springer}
}

@inproceedings{harris2009role,
  title={On the role of classification in patent invalidity searches},
  author={Harris, Christopher G and Foster, Steven and Arens, Robert and Srinivasan, Padmini},
  booktitle={Proceedings of the 2nd international workshop on Patent information retrieval},
  pages={29--32},
  year={2009},
  organization={ACM}
}

@incollection{lopez2010patatras,
  title={Patatras: Retrieval model combination and regression models for prior art search},
  author={Lopez, Patrice and Romary, Laurent},
  booktitle={Multilingual Information Access Evaluation I. Text Retrieval Experiments},
  pages={430--437},
  year={2010},
  publisher={Springer}
}

@inproceedings{DBLP:conf/clef/DhondtV10,
  author    = {Eva D'hondt and
               Suzan Verberne},
  title     = {CLEF-IP 2010: Prior Art Retrieval Using the Different Sections
               in Patent Documents},
  booktitle = {CLEF (Notebook Papers/LABs/Workshops)},
  year      = {2010},
  ee        = {http://www.clef-initiative.eu/documents/71612/86374/CLEF2010wn-CLEF-IP-DhondtEt2010.pdf},
  bibsource = {DBLP, http://dblp.uni-trier.de}
}

%prior-art search

@incollection{roda2010clef,
  title={CLEF-IP 2009: retrieval experiments in the Intellectual Property domain},
  author={Roda, Giovanna and Tait, John and Piroi, Florina and Zenz, Veronika},
  booktitle={Multilingual Information Access Evaluation I. Text Retrieval Experiments},
  pages={385--409},
  year={2010},
  publisher={Springer}
}

@inproceedings{graf2008methodology,
  title={A methodology for building a patent test collection for prior art search},
  author={Graf, Erik and Azzopardi, Leif},
  booktitle={Proceedings of the second international workshop on evaluating information access (EVIA)},
  pages={60--71},
  year={2008}
}

%Multilinguality 

@article{magdy2013studying,
  title={Studying machine translation technologies for large-data CLIR tasks: a patent prior-art search case study},
  author={Magdy, Walid and Jones, Gareth JF},
  journal={Information Retrieval},
  pages={1--28},
  year={2013},
  publisher={Springer}
}

%Flowchart

@inproceedings{lupu2013evaluating,
  title={Evaluating Flowchart Recognition for Patent Retrieval},
  author={Lupu, Mihai and Piroi, Florina and Hanbury, Allan},
  booktitle={The Fifth International Workshop on Evaluating Information Access (EVIA)},
  pages={37--44},
  year={2013}
}

@INCOLLECTION{Roda2009,
  author = {Roda, Giovanna and Tait, John and Piroi, Florina and Zenz, Veronika},
  title = {CLEF-IP 2009: Retrieval Experiments in the Intellectual Property
	Domain},
  booktitle = {Multilingual Information Access Evaluation I. Text Retrieval Experiments},
  publisher = {Springer},
  year = {2009},
  editor = {Peters, Carol and Nunzio, GiorgioMaria and Kurimo, Mikko and Mandl,
	Thomas and Mostefa, Djamel and Penas, Anselmo and Roda, Giovanna},
  volume = {6241},
  series = {Lecture Notes in Computer Science},
  pages = {385-409},
  doi = {10.1007/978-3-642-15754-7_47},
  isbn = {978-3-642-15753-0},
  url = {http://dx.doi.org/10.1007/978-3-642-15754-7_47}
}
% Croft's papers
@inproceedings{maxwell2013compact,
  title={Compact query term selection using topically related text},
  author={Maxwell, K Tamsin and Croft, W Bruce},
  booktitle={Proceedings of the 36th international ACM SIGIR conference on Research and development in information retrieval},
  pages={583--592},
  year={2013},
  organization={ACM}
}



@ARTICLE{LH:83,
  author = {Henry Lieberman and Carl Hewitt},
  title = {A real-time garbage collector based on the lifetimes of objects},
  journal = CACM,
  year = {1983},
  month = jun,
  volume = {26},
  pages = {419--429},
  number = {6},
  address = {New York, New York, USA},
  doi = {10.1145/358141.358147},
  issn = {0001-0782},
  publisher = {ACM}
}

@InProceedings{Moon:84,
	author = {David A. Moon},
	title = {Garbage collection in a large {LISP} system},
	crossref = {LFP:84},
	pages = {235--246},
	doi = {10.1145/800055.802040},
}

@Proceedings{LFP:84,
	title = LFP84,
	booktitle = LFP84,
	shortname = "LFP '84",
	year = {1984},
	month = aug,
	location = {Austin, Texas, USA},
	publisher = {ACM},
	address = {New York, New York, USA},
	isbn = {0-89791-142-3},
}	

@InProceedings{Ungar:84,
	author = {David Ungar},
	title = {Generation Scavenging: A non-disruptive high performance storage reclamation algorithm},
	crossref = {SDE:1},
	pages = {157--167},
	doi = {10.1145/800020.808261},
}
@Proceedings{SDE:1,
	title = SDE1,
	booktitle = SDE1,
	shortname = "SDE 1",
	year = {1984},
	month = apr,
	location = {Pittsburgh, Pennsylvania, USA},
	publisher = {ACM},
	address = {New York, New York, USA},
	isbn = {0-89791-131-8},
}

@inproceedings{Robertson1993,
author = {Robertson, Stephen E and Walker, Steve and Jones, Susan and Hancock-Beaulieu, Micheline and Gatford, Mike},
booktitle = {TREC},
pages = {21--34},
title = {{Okapi at TREC-2}},
year = {1993}
}
@incollection{Porter1980,
 author = {Porter, M. F.},
 title = {An algorithm for suffix stripping},
 year = {1980},
 booktitle = {Program},
 volume={14},
 pages = {130-137}
} 
@article{mahdabi2014patent,
  title={Patent Query Formulation by Synthesizing Multiple Sources of Relevance Evidence},
  author={Mahdabi, Parvaz and Crestani, Fabio},
  journal={ACM Transactions on Information Systems},
  year={2014}
}
@inproceedings{Piroi2010,
  author    = {Florina Piroi},
  title     = {{CLEF-IP} 2010: Retrieval Experiments in the Intellectual Property
               Domain},
  booktitle = {{CLEF} 2010 LABs and Workshops, Notebook Papers, 22-23 September 2010,
               Padua, Italy},
  year      = {2010}
}
