@inproceedings{mahdabi2013leveraging,
  title={Leveraging conceptual lexicon: query disambiguation using proximity information for patent retrieval},
  author={Mahdabi, Parvaz and Gerani, Shima and Huang, Jimmy Xiangji and Crestani, Fabio},
  booktitle={Proceedings of the 36th international ACM SIGIR conference on Research and development in information retrieval},
  pages={113--122},
  year={2013},
  organization={ACM}
}

@phdthesis{magdy2012toward,
  title={Toward higher effectiveness for recall-oriented information retrieval: A patent retrieval case study},
  author={Magdy, Walid},
  year={2012},
  school={Dublin City University}
}
%-----------------------------------------------------------

