@String {LFP84 = "Proceedings of the 1984 ACM Symposium on LISP and Functional Programming"}
@String {SDE1 = "Proceedings of the 1st ACM SIGSOFT/SIGPLAN Software Engineering Symposium on Practical Software Development Environments"}

@STRING{CACM = "Communications of the ACM"}

%Introduction 
@inproceedings{joho2010survey,
 author = {Joho, Hideo and Azzopardi, Leif A. and Vanderbauwhede, Wim},
 title = {A Survey of Patent Users: An Analysis of Tasks, Behavior, Search Functionality and System Requirements},
 booktitle = {Proceedings of the Third Symposium on Information Interaction in Context},
 series = {IIiX '10},
 year = {2010},
 isbn = {978-1-4503-0247-0},
 location = {New Brunswick, New Jersey, USA},
 pages = {13--24},
 numpages = {12},
 url = {http://doi.acm.org/10.1145/1840784.1840789},
 doi = {10.1145/1840784.1840789},
 acmid = {1840789},
 publisher = {ACM},
 address = {New York, NY, USA},
 keywords = {patent analyst, patent engineer, user study},
} 

@incollection{piroi2013overview,
  title={Overview of CLEF-IP 2013 Lab},
  author={Piroi, Florina and Lupu, Mihai and Hanbury, Allan},
  booktitle={Information Access Evaluation. Multilinguality, Multimodality, and Visualization},
  pages={232--249},
  year={2013},
  publisher={Springer}
}

@inproceedings{piroi2013passage,
  author    = {Florina Piroi and
               Mihai Lupu and
               Allan Hanbury},
  title     = {Passage Retrieval Starting from Patent Claims {A} {CLEF-IP} 2013 Task
               Overview},
  booktitle = {Working Notes for {CLEF} 2013 Conference , Valencia, Spain, September
               23-26, 2013.},
  year      = {2013},
  url       = {http://ceur-ws.org/Vol-1179/CLEF2013wn-CLEFIP-PiroiEt2013.pdf},
  timestamp = {Wed, 10 Sep 2014 19:43:45 +0200},
  biburl    = {http://dblp.uni-trier.de/rec/bib/conf/clef/PiroiLH13a},
  bibsource = {dblp computer science bibliography, http://dblp.org}
}
  
@inproceedings{DBLP:conf/clef/PiroiLHSMF12,
  author    = {Florina Piroi and
               Mihai Lupu and
               Allan Hanbury and
               Alan P. Sexton and
               Walid Magdy and
               Igor V. Filippov},
  title     = {{CLEF-IP} 2012: Retrieval Experiments in the Intellectual Property
               Domain},
  booktitle = {{CLEF} 2012 Evaluation Labs and Workshop, Online Working Notes, Rome,
               Italy, September 17-20, 2012},
  year      = {2012},
  url       = {http://ceur-ws.org/Vol-1178/CLEF2012wn-CLEFIP-PiroiEt2012.pdf},
  timestamp = {Wed, 24 Sep 2014 16:55:04 +0200},
  biburl    = {http://dblp.uni-trier.de/rec/bib/conf/clef/PiroiLHSMF12},
  bibsource = {dblp computer science bibliography, http://dblp.org}
}  

@proceedings{DBLP:conf/clef/2012w,
  editor    = {Pamela Forner and
               Jussi Karlgren and
               Christa Womser{-}Hacker},
  title     = {{CLEF} 2012 Evaluation Labs and Workshop, Online Working Notes, Rome,
               Italy, September 17-20, 2012},
  series    = {{CEUR} Workshop Proceedings},
  volume    = {1178},
  publisher = {CEUR-WS.org},
  year      = {2012},
  url       = {http://ceur-ws.org/Vol-1178},
  isbn      = {978-88-904810-3-1},
  timestamp = {Thu, 08 Jan 4434026 04:44:00 +},
  biburl    = {http://dblp.uni-trier.de/rec/bib/conf/clef/2012w},
  bibsource = {dblp computer science bibliography, http://dblp.org}
}
@article{lupu2013patent,
  title={Patent Retrieval},
  author={Lupu, Mihai and Hanbury, Allan and others},
  journal={Foundations and Trends in Information Retrieval},
  volume={7},
  number={1},
  pages={1--97},
  year={2013},
  url       = {http://dx.doi.org/10.1561/1500000027},
  doi       = {10.1561/1500000027},
}

@article{arampatzis2007access,
  title={Access to legal documents: Exact match, best match, and combinations},
  author={Arampatzis, Avi and Kamps, Jaap and Koolen, Marijn and Nussbaum, Nir},
  year={2007},
  publisher={National Institute of Standards and Technology (NIST)}
}

@inproceedings{leong2001patent,
  title={Patent data for IR research and evaluation},
  author={Leong, MK},
  booktitle={Proceedings of the 2nd NTCIR Workshop Meeting on Evaluation of Information Access Technologies: Information Retrieval, Question Answering and Cross-lingual Information Access, Tokyo, Japan},
  pages={359--365},
  year={2001}
}

@inproceedings{iwayama2003overview,
  title={Overview of patent retrieval task at NTCIR-3},
  author={Iwayama, Makoto and Fujii, Atsushi and Kando, Noriko and Takano, Akihiko},
  booktitle={Proceedings of the ACL-2003 workshop on Patent corpus processing-Volume 20},
  pages={24--32},
  year={2003},
  organization={Association for Computational Linguistics}
}

@inproceedings{fujii2004overview,
  title={Overview of patent retrieval task at NTCIR-4},
  author={Fujii, Atsushi and Iwayama, Makoto and Kando, Noriko},
  booktitle={Proceedings of the Fourth NTCIR Workshop on Research in Information Access Technologies Information Retrieval, Question Answering and Summarization},
  pages={232--241},
  year={2004}
}

@inproceedings{fujii2007overview,
  title={Overview of the patent retrieval task at the {NTCIR}-6 workshop},
  author={Fujii, Atsushi and Iwayama, Makoto and Kando, Noriko},
  booktitle={Proceedings of the Sixth NTCIR Workshop Meeting},
  pages={359--365},
  year={2007}
}

%data collection
@phdthesis{magdy2012toward,
  title={Toward Higher Effectiveness for Recall-oriented Information Retrieval: A Patent Retrieval Case Study},
  author={Magdy, Walid},
  year={2012},
  school={Dublin City University}
}


%---------------- general IR ------------------
%IR MODELS

@article{zhai2004study,
 author = {Zhai, Chengxiang and Lafferty, John},
 title = {A Study of Smoothing Methods for Language Models Applied to Information Retrieval},
 journal = {ACM Trans. Inf. Syst.},
 issue_date = {April 2004},
 volume = {22},
 number = {2},
 month = apr,
 year = {2004},
 issn = {1046-8188},
 pages = {179--214},
 numpages = {36},
 url = {http://doi.acm.org/10.1145/984321.984322},
 doi = {10.1145/984321.984322},
 acmid = {984322},
 publisher = {ACM},
 address = {New York, NY, USA},
 keywords = {Dirichlet prior smoothing, EM algorithm, Jelinek--Mercer smoothing, Statistical language models, TF-IDF weighting, absolute discounting smoothing, backoff smoothing, interpolation smoothing, leave-one-out, risk minimization, term weighting, two-stage smoothing},
} 

@book{croft2010search,
  title={Search engines: Information Retrieval in Practice},
  author={Croft, W Bruce and Metzler, Donald and Strohman, Trevor},
  year={2010},
  publisher={Addison-Wesley Reading}
}

@book{manning2008introduction,
  title={Introduction to Information Retrieval},
  author={Manning, Christopher D and Raghavan, Prabhakar and Sch{\"u}tze, Hinrich},
  volume={1},
  year={2008},
  publisher={Cambridge University Press}
}

@book{Baeza-Yates2011,
  author    = {Ricardo A. Baeza{-}Yates and
               Berthier A. Ribeiro{-}Neto},
  title     = {Modern information retrieval - The Concepts and Technology behind
               Search, Second edition},
  publisher = {Pearson Education Ltd., Harlow, England},
  year      = {2011}
}

@article{Efthimiadis1996,
author = {Efthimiadis, Efthimis N},
editor = {Williams, Martha E},
journal = {Annual Review of Information Systems and Technology (ARIST)},
keywords = {expansion query},
title = {{Query expansion}},
year = {1996}
}

@book{Salton1971,
address = {Upper Saddle River, NJ, USA},
author = {Salton, G},
publisher = {Prentice-Hall, Inc.},
title = {{The SMART Retrieval System: Experiments in Automatic Document Processing}},
year = {1971}
}

%PRF
@inproceedings{cao2008selecting,
 author = {Cao, Guihong and Nie, Jian-Yun and Gao, Jianfeng and Robertson, Stephen},
 title = {Selecting Good Expansion Terms for Pseudo-relevance Feedback},
 booktitle = {Proceedings of the 31st Annual International ACM SIGIR Conference on Research and Development in Information Retrieval},
 series = {SIGIR '08},
 year = {2008},
 isbn = {978-1-60558-164-4},
 location = {Singapore, Singapore},
 pages = {243--250},
 numpages = {8},
 url = {http://doi.acm.org/10.1145/1390334.1390377},
 doi = {10.1145/1390334.1390377},
 acmid = {1390377},
 publisher = {ACM},
 address = {New York, NY, USA},
 keywords = {Pseudo-relevance feedback, SVM, expansion term classification, language models},
} 

%QR

@inproceedings{bendersky2008discovering,
 author = {Bendersky, Michael and Croft, W. Bruce},
 title = {Discovering Key Concepts in Verbose Queries},
 booktitle = {Proceedings of the 31st Annual International ACM SIGIR Conference on Research and Development in Information Retrieval},
 series = {SIGIR '08},
 year = {2008},
 isbn = {978-1-60558-164-4},
 location = {Singapore, Singapore},
 pages = {491--498},
 numpages = {8},
 url = {http://doi.acm.org/10.1145/1390334.1390419},
 doi = {10.1145/1390334.1390419},
 acmid = {1390419},
 publisher = {ACM},
 address = {New York, NY, USA},
 keywords = {information retrieval, key concepts extraction, verbose queries},
} 

@inproceedings{kumaran2009reducing,
 author = {Kumaran, Giridhar and Carvalho, Vitor R.},
 title = {Reducing Long Queries Using Query Quality Predictors},
 booktitle = {Proceedings of the 32nd International ACM SIGIR Conference on Research and Development in Information Retrieval},
 series = {SIGIR '09},
 year = {2009},
 isbn = {978-1-60558-483-6},
 location = {Boston, MA, USA},
 pages = {564--571},
 numpages = {8},
 url = {http://doi.acm.org/10.1145/1571941.1572038},
 doi = {10.1145/1571941.1572038},
 acmid = {1572038},
 publisher = {ACM},
 address = {New York, NY, USA},
 keywords = {long queries, query quality, query reduction, verbose queries},
} 

@inproceedings{balasubramanian2010exploring,
 author = {Balasubramanian, Niranjan and Kumaran, Giridhar and Carvalho, Vitor R.},
 title = {Exploring Reductions for Long Web Queries},
 booktitle = {Proceedings of the 33rd International ACM SIGIR Conference on Research and Development in Information Retrieval},
 series = {SIGIR '10},
 year = {2010},
 isbn = {978-1-4503-0153-4},
 location = {Geneva, Switzerland},
 pages = {571--578},
 numpages = {8},
 url = {http://doi.acm.org/10.1145/1835449.1835545},
 doi = {10.1145/1835449.1835545},
 acmid = {1835545},
 publisher = {ACM},
 address = {New York, NY, USA},
 keywords = {combining searches, learning to rank, query reformulation},
} 

@incollection{lease2009regression,
  title={Regression rank: Learning to meet the opportunity of descriptive queries},
  author={Lease, Matthew and Allan, James and Croft, W Bruce},
  booktitle={Advances in Information Retrieval, 31th European Conference on {IR}
               Research, {ECIR} 2009, Toulouse, France, April 6-9, 2009. Proceedings},
  pages={90--101},
  year={2009},
  url       = {http://dx.doi.org/10.1007/978-3-642-00958-7_11},
  doi       = {10.1007/978-3-642-00958-7_11},
  series    = {Lecture Notes in Computer Science},
  volume    = {5478},
  isbn      = {978-3-642-00957-0},
  publisher={Springer Berlin Heidelberg}
}

@inproceedings{bendersky2010learning,
 author = {Bendersky, Michael and Metzler, Donald and Croft, W. Bruce},
 title = {Learning Concept Importance Using a Weighted Dependence Model},
 booktitle = {Proceedings of the Third ACM International Conference on Web Search and Data Mining},
 series = {WSDM '10},
 year = {2010},
 isbn = {978-1-60558-889-6},
 location = {New York, New York, USA},
 pages = {31--40},
 numpages = {10},
 url = {http://doi.acm.org/10.1145/1718487.1718492},
 doi = {10.1145/1718487.1718492},
 acmid = {1718492},
 publisher = {ACM},
 address = {New York, NY, USA},
 keywords = {query concept weighting, weighted dependence model},
} 

%----------------------------------------------------------------------------

%-------------------------- patent-specific IR ------------------------------
%PRF

@inproceedings{ganguly2011united,
 author = {Ganguly, Debasis and Leveling, Johannes and Jones, Gareth J.F.},
 title = {United We Fall, Divided We Stand: A Study of Query Segmentation and {PRF} for Patent Prior Art Search},
 booktitle = {Proceedings of the 4th Workshop on Patent Information Retrieval},
 series = {PaIR '11},
 year = {2011},
 isbn = {978-1-4503-0955-4},
 location = {Glasgow, Scotland, UK},
 pages = {13--18},
 numpages = {6},
 url = {http://doi.acm.org/10.1145/2064975.2064981},
 doi = {10.1145/2064975.2064981},
 acmid = {2064981},
 publisher = {ACM},
 address = {New York, NY, USA},
 keywords = {patent prior art search, pseudo relevance feedback, query expansion, query segmentation},
} 

@inproceedings{he2009finding,
 author = {He, Ben and Ounis, Iadh},
 title = {Finding Good Feedback Documents},
 booktitle = {Proceedings of the 18th ACM Conference on Information and Knowledge Management},
 series = {CIKM '09},
 year = {2009},
 isbn = {978-1-60558-512-3},
 location = {Hong Kong, China},
 pages = {2011--2014},
 numpages = {4},
 url = {http://doi.acm.org/10.1145/1645953.1646289},
 doi = {10.1145/1645953.1646289},
 acmid = {1646289},
 publisher = {ACM},
 address = {New York, NY, USA},
 keywords = {feedback document classification, relevance feedback},
} 

%Query Formulation

@phdthesis{kim2014searching,
  title={Searching Based on Query Documents},
  author={KIM, YOUNGHO},
  year={2014},
  school={University of Massachusetts Amherst}
}

@inproceedings{kim2014diversifying,
 author = {Kim, Youngho and Croft, W. Bruce},
 title = {Diversifying Query Suggestions Based on Query Documents},
 booktitle = {Proceedings of the 37th International ACM SIGIR Conference on Research \& Development in Information Retrieval},
 series = {SIGIR '14},
 year = {2014},
 isbn = {978-1-4503-2257-7},
 location = {Gold Coast, Queensland, Australia},
 pages = {891--894},
 numpages = {4},
 url = {http://doi.acm.org/10.1145/2600428.2609467},
 doi = {10.1145/2600428.2609467},
 acmid = {2609467},
 publisher = {ACM},
 address = {New York, NY, USA},
 keywords = {diversifying query suggestions, literature search, patent retrieval},
} 

@incollection{magdy2010exploring,
  title={Exploring structured documents and query formulation techniques for patent retrieval},
  author={Magdy, Walid and Leveling, Johannes and Jones, Gareth JF},
  booktitle={Multilingual Information Access Evaluation I. Text Retrieval Experiments,
               10th Workshop of the Cross-Language Evaluation Forum, {CLEF} 2009,
               Corfu, Greece, September 30 - October 2, 2009, Revised Selected Papers},
  pages={410--417},
  year={2009},
  series    = {Lecture Notes in Computer Science},
  volume    = {6241},
  url       = {http://dx.doi.org/10.1007/978-3-642-15754-7_48},
  doi       = {10.1007/978-3-642-15754-7_48},
  publisher={Springer Berlin Heidelberg}
}

@article{cetintas2012effective,
  title={Effective query generation and postprocessing strategies for prior art patent search},
  author={Cetintas, Suleyman and Si, Luo},
  journal={Journal of the American Society for Information Science and Technology ({JASIST})},
  volume={63},
  number={3},
  pages={512--527},
  year={2012},
  url       = {http://dx.doi.org/10.1002/asi.21708},
  doi       = {10.1002/asi.21708},
  publisher={Wiley Online Library}
}

@incollection{mahdabi2011building,
  title={Building queries for prior-art search},
  author={Mahdabi, Parvaz and Keikha, Mostafa and Gerani, Shima and Landoni, Monica and Crestani, Fabio},
  booktitle={Multidisciplinary Information Retrieval - Second Information Retrieval
               Facility Conference, {IRFC} 2011, Vienna, Austria, June 6, 2011. Proceedings},
  pages={3--15},
  year={2011},
  series    = {Lecture Notes in Computer Science},
  volume    = {6653},
  url       = {http://dx.doi.org/10.1007/978-3-642-21353-3_2},
  doi       = {10.1007/978-3-642-21353-3_2},
  publisher={Springer Berlin Heidelberg}
}

@incollection{nguyen2012query,
  title={Query enhancement for patent prior-art-search based on keyterm dependency relations and semantic tags},
  author={Nguyen, Khanh-Ly and Myaeng, Sung-Hyon},
  booktitle={Multidisciplinary Information Retrieval},
  pages={28--42},
  year={2012},
  publisher={Springer}
}

@inproceedings{itoh2003term,
  title={Term distillation in patent retrieval},
  author={Itoh, Hideo and Mano, Hiroko and Ogawa, Yasushi},
  booktitle={Proceedings of the ACL-2003 Workshop on Patent Corpus Processing-Volume 20},
  pages={41--45},
  year={2003},
  organization={Association for Computational Linguistics}
}

@inproceedings{perez2010using,
  author    = {Joaqu{\'{\i}}n P{\'{e}}rez{-}Iglesias and
               {\'{A}}lvaro Rodrigo and
               V{\'{\i}}ctor Fresno},
  title     = {Using {BM25F} and {KLD} for Pattern Retrieval},
  booktitle = {{CLEF} 2010 LABs and Workshops, Notebook Papers, 22-23 September 2010,
               Padua, Italy},
  year      = {2010},
  url       = {http://ceur-ws.org/Vol-1176/CLEF2010wn-CLEF-IP-PerezEt2010.pdf},
  timestamp = {Wed, 24 Sep 2014 16:55:04 +0200},
  biburl    = {http://dblp.uni-trier.de/rec/bib/conf/clef/Perez-IglesiasRF10},
  bibsource = {dblp computer science bibliography, http://dblp.org}
}

@inproceedings{xue2009transforming,
 author = {Xue, Xiaoibng and Croft, W. Bruce},
 title = {Transforming Patents into Prior-art Queries},
 booktitle = {Proceedings of the 32Nd International ACM SIGIR Conference on Research and Development in Information Retrieval},
 series = {SIGIR '09},
 year = {2009},
 isbn = {978-1-60558-483-6},
 location = {Boston, MA, USA},
 pages = {808--809},
 numpages = {2},
 url = {http://doi.acm.org/10.1145/1571941.1572139},
 doi = {10.1145/1571941.1572139},
 acmid = {1572139},
 publisher = {ACM},
 address = {New York, NY, USA},
 keywords = {information retrieval, patent retrieval, prior-art search},
} 

@inproceedings{xue2009automatic,
 author = {Xue, Xiaobing and Croft, W. Bruce},
 title = {Automatic Query Generation for Patent Search},
 booktitle = {Proceedings of the 18th ACM Conference on Information and Knowledge Management},
 series = {CIKM '09},
 year = {2009},
 isbn = {978-1-60558-512-3},
 location = {Hong Kong, China},
 pages = {2037--2040},
 numpages = {4},
 url = {http://doi.acm.org/10.1145/1645953.1646295},
 doi = {10.1145/1645953.1646295},
 acmid = {1646295},
 publisher = {ACM},
 address = {New York, NY, USA},
 keywords = {information retrieval, learning to rank, patent retrieval, prior-art search},
} 

@inproceedings{becks2010phrases,
  author    = {Daniela Becks and
               Thomas Mandl and
               Christa Womser{-}Hacker},
  title     = {Phrases or Terms? The Impact of Different Query Types},
  booktitle = {{CLEF} 2010 LABs and Workshops, Notebook Papers, 22-23 September 2010,
               Padua, Italy},
  year      = {2010},
  url       = {http://ceur-ws.org/Vol-1176/CLEF2010wn-CLEF-IP-BecksEt2010.pdf},
  timestamp = {Wed, 24 Sep 2014 16:55:04 +0200},
  biburl    = {http://dblp.uni-trier.de/rec/bib/conf/clef/BecksMW10},
  bibsource = {dblp computer science bibliography, http://dblp.org}
}

%Retrievability

@inproceedings{bashir2009improving,
 author = {Bashir, Shariq and Rauber, Andreas},
 title = {Improving Retrievability of Patents with Cluster-based Pseudo-relevance Feedback Documents Selection},
 booktitle = {Proceedings of the 18th ACM Conference on Information and Knowledge Management},
 series = {CIKM '09},
 year = {2009},
 isbn = {978-1-60558-512-3},
 location = {Hong Kong, China},
 pages = {1863--1866},
 numpages = {4},
 url = {http://doi.acm.org/10.1145/1645953.1646250},
 doi = {10.1145/1645953.1646250},
 acmid = {1646250},
 publisher = {ACM},
 address = {New York, NY, USA},
 keywords = {experimentation, measurement, pseudo-relevance feedback, query expansion, retrievability, text clustering},
} 

@incollection{bashir2010improving,
  title={Improving retrievability of patents in prior-art search},
  author={Bashir, Shariq and Rauber, Andreas},
  booktitle={Advances in Information Retrieval, 32nd European Conference on {IR}
               Research, {ECIR} 2010, Milton Keynes, UK, March 28-31, 2010. Proceedings},
  pages={457--470},
  year={2010},
  url       = {http://dx.doi.org/10.1007/978-3-642-12275-0_40},
  doi       = {10.1007/978-3-642-12275-0_40},
  publisher={Springer Berlin Heidelberg}
}

@article{bashir2011relationship,
  title={On the relationship between query characteristics and {IR} functions retrieval bias},
  author={Bashir, Shariq and Rauber, Andreas},
  journal={Journal of the American Society for Information Science and Technology ({JASIST})},
  volume={62},
  number={8},
  pages={1515--1532},
  year={2011},
  url       = {http://dx.doi.org/10.1002/asi.21549},
  doi       = {10.1002/asi.21549},
  publisher={Wiley Online Library}
}

@article{bache2010improving,
  author    = {Richard Bache and
               Leif Azzopardi},
  title     = {Improving Access to Large Patent Corpora},
  journal   = {T. Large-Scale Data- and Knowledge-Centered Systems},
  volume    = {2},
  pages     = {103--121},
  year      = {2010},
  url       = {http://dx.doi.org/10.1007/978-3-642-16175-9_4},
  doi       = {10.1007/978-3-642-16175-9_4},
  biburl    = {http://dblp.uni-trier.de/rec/bib/journals/tlsdkcs/BacheA10},
  bibsource = {dblp computer science bibliography, http://dblp.org}
}

@inproceedings{azzopardi2008retrievability,
 author = {Azzopardi, Leif and Vinay, Vishwa},
 title = {Retrievability: An Evaluation Measure for Higher Order Information Access Tasks},
 booktitle = {Proceedings of the 17th ACM Conference on Information and Knowledge Management},
 series = {CIKM '08},
 year = {2008},
 isbn = {978-1-59593-991-3},
 location = {Napa Valley, California, USA},
 pages = {561--570},
 numpages = {10},
 url = {http://doi.acm.org/10.1145/1458082.1458157},
 doi = {10.1145/1458082.1458157},
 acmid = {1458157},
 publisher = {Association for Computing Machinery ({ACM})},
 address = {New York, NY, USA},
 keywords = {accessibililty, retrievability},
} 

@inproceedings{bashir2009analyzing,
  title={Analyzing document retrievability in patent retrieval settings},
  author={Bashir, Shariq and Rauber, Andreas},
  booktitle={Database and Expert Systems Applications, 20th International Conference,
               {DEXA} 2009, Linz, Austria, August 31 - September 4, 2009. Proceedings},
  pages={753--760},
  year={2009},
  url       = {http://dx.doi.org/10.1007/978-3-642-03573-9_63},
  doi       = {10.1007/978-3-642-03573-9_63},
  organization={Springer Berlin Heidelberg}
}

@article{fujii2007introduction,
  title={Introduction to the special issue on patent processing},
  author={Fujii, Atsushi and Iwayama, Makoto and Kando, Noriko},
  journal={Information Processing \& Management},
  volume={43},
  number={5},
  pages={1149--1153},
  year={2007},
  publisher={Elsevier}
}

@inproceedings{kontostathis2008effect,
  author    = {April Kontostathis and
               Scott Kulp},
  title     = {The Effect of Normalization when Recall Really Matters},
  booktitle = {Proceedings of the 2008 International Conference on Information {\&}
               Knowledge Engineering, {IKE} 2008, July 14-17, 2008, Las Vegas, Nevada,
               {USA}},
  pages     = {96--101},
  year      = {2008},
  timestamp = {Mon, 09 Feb 2009 15:29:46 +0100},
  biburl    = {http://dblp.uni-trier.de/rec/bib/conf/ike/KontostathisK08},
  publisher = {{CSREA} Press},
  isbn      = {1-60132-075-2},
  bibsource = {dblp computer science bibliography, http://dblp.org}
}

%query expansion

@inproceedings{magdy2011study,
 author = {Magdy, Walid and Jones, Gareth J.F.},
 title = {A Study on Query Expansion Methods for Patent Retrieval},
 booktitle = {Proceedings of the 4th Workshop on Patent Information Retrieval},
 series = {PaIR '11},
 year = {2011},
 isbn = {978-1-4503-0955-4},
 location = {Glasgow, Scotland, UK},
 pages = {19--24},
 numpages = {6},
 url = {http://doi.acm.org/10.1145/2064975.2064982},
 doi = {10.1145/2064975.2064982},
 acmid = {2064982},
 publisher = {ACM},
 address = {New York, NY, USA},
 keywords = {patent retrieval, query expansion, synset},
} 

@inproceedings{sahlgren2002english,
  title={English-{J}apanese cross-lingual query expansion using random indexing of aligned bilingual text data},
  author={Sahlgren, Magnus and Hansen, Preben and Karlgren, Jussi},
  booktitle={The Philosophical Writings of Gottlob Frege},
  year={2002},
  organization={Citeseer}
}

@inproceedings{mahdabi2012automatic,
 author = {Mahdabi, Parvaz and Andersson, Linda and Keikha, Mostafa and Crestani, Fabio},
 title = {Automatic Refinement of Patent Queries Using Concept Importance Predictors},
 booktitle = {Proceedings of the 35th International ACM SIGIR Conference on Research and Development in Information Retrieval},
 series = {SIGIR '12},
 year = {2012},
 isbn = {978-1-4503-1472-5},
 location = {Portland, Oregon, USA},
 pages = {505--514},
 numpages = {10},
 url = {http://doi.acm.org/10.1145/2348283.2348353},
 doi = {10.1145/2348283.2348353},
 acmid = {2348353},
 publisher = {ACM},
 address = {New York, NY, USA},
 keywords = {patent search, query generation, relevance model},
} 

@inproceedings{mahdabi2013leveraging,
 author = {Mahdabi, Parvaz and Gerani, Shima and Huang, Jimmy Xiangji and Crestani, Fabio},
 title = {Leveraging Conceptual Lexicon: Query Disambiguation Using Proximity Information for Patent Retrieval},
 booktitle = {Proceedings of the 36th International ACM SIGIR Conference on Research and Development in Information Retrieval},
 series = {SIGIR '13},
 year = {2013},
 isbn = {978-1-4503-2034-4},
 location = {Dublin, Ireland},
 pages = {113--122},
 numpages = {10},
 url = {http://doi.acm.org/10.1145/2484028.2484056},
 doi = {10.1145/2484028.2484056},
 acmid = {2484056},
 publisher = {ACM},
 address = {New York, NY, USA},
 keywords = {patent search, proximity information, query expansion},
} 

@incollection{jochim2011expanding,
  title={Expanding queries with term and phrase translations in patent retrieval},
  author={Jochim, Charles and Lioma, Christina and Sch{\"u}tze, Hinrich},
  booktitle={Multidisciplinary Information Retrieval - Second Information Retrieval
               Facility Conference, {IRFC} 2011, Vienna, Austria, June 6, 2011. Proceedings},
  pages={16--29},
  year={2011},
  url       = {http://dx.doi.org/10.1007/978-3-642-21353-3_3},
  doi       = {10.1007/978-3-642-21353-3_3},
  series    = {Lecture Notes in Computer Science},
  volume    = {6653},
  publisher={Springer Berlin Heidelberg}
}

@inproceedings{kishida2003experiment,
  title={Experiment on pseudo relevance feedback method using taylor formula at NTCIR-3 patent retrieval task},
  author={Kishida, Kazuaki},
  booktitle={Proceedings of the Third NTCIR Workshop on Research in Information Retrieval, Automatic Text Summarization and Question Answering, NTCIR-3,
               Tokyo, Japan, October 8-10, 2002},
   url       = {http://research.nii.ac.jp/ntcir/workshop/OnlineProceedings3/NTCIR3-PATENT-KishidaK.pdf},
  year={2002},
  publisher = {National Institute of Informatics {(NII)}},
  isbn      = {4-86049-016-9},
  }

@inproceedings{konishi2005query,
  title={Query terms extraction from patent document for invalidity search},
  author={Konishi, Kazuya},
  booktitle={Proceedings of the Fifth {NTCIR} Workshop Meeting on Evaluation of
               Information Access Technologies: Information Retrieval, Question Answering
               and Cross-Lingual Information Access, NTCIR-5, National Center of
               Sciences, Tokyo, Japan, December 6-9, 2005},
  volume={5},
  publisher = {National Institute of Informatics {(NII)}},
  url       = {http://research.nii.ac.jp/ntcir/workshop/OnlineProceedings5/data/PATENT/NTCIR5-PATENT-KonishiK.pdf},
  year={2005}
}

@inproceedings{lee2008cluster,
 author = {Lee, Kyung Soon and Croft, W. Bruce and Allan, James},
 title = {A Cluster-based Resampling Method for Pseudo-relevance Feedback},
 booktitle = {Proceedings of the 31st Annual International ACM SIGIR Conference on Research and Development in Information Retrieval},
 series = {SIGIR '08},
 year = {2008},
 isbn = {978-1-60558-164-4},
 location = {Singapore, Singapore},
 pages = {235--242},
 numpages = {8},
 url = {http://doi.acm.org/10.1145/1390334.1390376},
 doi = {10.1145/1390334.1390376},
 acmid = {1390376},
 publisher = {ACM},
 address = {New York, NY, USA},
 keywords = {a cluster-based resampling, dominant documents, information retrieval, pseudo-relevance feedback, query expansion},
} 

@article{miller1990introduction,
  title={Introduction to {W}ord{N}et: An on-line lexical database*},
  author={Miller, George A and Beckwith, Richard and Fellbaum, Christiane and Gross, Derek and Miller, Katherine J},
  journal={International Journal of Lexicography},
  volume={3},
  number={4},
  pages={235--244},
  year={1990},
  publisher={Oxford Univ Press}
}

%query reduction

@inproceedings{ganguly2011patent,
 author = {Ganguly, Debasis and Leveling, Johannes and Magdy, Walid and Jones, Gareth J.F.},
 title = {Patent Query Reduction Using Pseudo Relevance Feedback},
 booktitle = {Proceedings of the 20th ACM International Conference on Information and Knowledge Management},
 series = {CIKM '11},
 year = {2011},
 isbn = {978-1-4503-0717-8},
 location = {Glasgow, Scotland, UK},
 pages = {1953--1956},
 numpages = {4},
 url = {http://doi.acm.org/10.1145/2063576.2063863},
 doi = {10.1145/2063576.2063863},
 acmid = {2063863},
 publisher = {ACM},
 address = {New York, NY, USA},
 keywords = {patent search, pseudo-relevance feedback, query reduction},
} 

@incollection{mahdabi2012learning,
  title={Learning-based pseudo-relevance feedback for patent retrieval},
  author={Mahdabi, Parvaz and Crestani, Fabio},
  booktitle={Multidisciplinary Information Retrieval - 5th International Retrieval
               Facility Conference, {IRFC} 2012, Vienna, Austria, July 2-3, 2012
               Proceedings},
  pages={1--11},
  year={2012},
  series    = {Lecture Notes in Computer Science},
  volume    = {7356},
  url       = {http://dx.doi.org/10.1007/978-3-642-31274-8_1},
  doi       = {10.1007/978-3-642-31274-8_1},
  timestamp = {Thu, 21 Jun 2012 14:53:28 +0200},
  biburl    = {http://dblp.uni-trier.de/rec/bib/conf/irfc/MahdabiC12},
  publisher={Springer Berlin Heidelberg}
}

@inproceedings{mahdabi2011report,
  author    = {Parvaz Mahdabi and
               Linda Andersson and
               Allan Hanbury and
               Fabio Crestani},
  title     = {Report on the {CLEF-IP} 2011 Experiments: Exploring Patent Summarization},
  booktitle = {{CLEF} 2011 Labs and Workshop, Notebook Papers, 19-22 September 2011,
               Amsterdam, The Netherlands},
  year      = {2011},
  url       = {http://ceur-ws.org/Vol-1177/CLEF2011wn-CLEF-IP-MahdabiEt2011.pdf},
  timestamp = {Wed, 24 Sep 2014 16:55:04 +0200},
  biburl    = {http://dblp.uni-trier.de/rec/bib/conf/clef/MahdabiAHC11},
  bibsource = {dblp computer science bibliography, http://dblp.org}
}

@article{hearst1997texttiling,
  title={TextTiling: Segmenting text into multi-paragraph subtopic passages},
  author={Hearst, Marti A},
  journal={Computational linguistics},
  volume={23},
  number={1},
  pages={33--64},
  year={1997},
  publisher={MIT Press}
}

%Phrases instead of Terms
@inproceedings{osborn1997evaluating,
 author = {Osborn, Mark and Strzalkowski, Tomek and Marinescu, Mihnea},
 title = {Evaluating Document Retrieval in Patent Database: A Preliminary Report},
 booktitle = {Proceedings of the Sixth International Conference on Information and Knowledge Management},
 series = {CIKM '97},
 year = {1997},
 isbn = {0-89791-970-X},
 location = {Las Vegas, Nevada, USA},
 pages = {216--221},
 numpages = {6},
 url = {http://doi.acm.org/10.1145/266714.266899},
 doi = {10.1145/266714.266899},
 acmid = {266899},
 publisher = {ACM},
 address = {New York, NY, USA},
} 

@inproceedings{d2011combining,
  author    = {Eva D'hondt and
               Suzan Verberne and
               Wouter Alink and
               Roberto Cornacchia},
  title     = {Combining Document Representations for Prior-art Retrieval},
  booktitle = {{CLEF} 2011 Labs and Workshop, Notebook Papers, 19-22 September 2011,
               Amsterdam, The Netherlands},
  year      = {2011},
  url       = {http://ceur-ws.org/Vol-1177/CLEF2011wn-CLEF-IP-DHondtEt2011.pdf},
  timestamp = {Wed, 24 Sep 2014 16:55:04 +0200},
  biburl    = {http://dblp.uni-trier.de/rec/bib/conf/clef/DhondtVAC11},
  bibsource = {dblp computer science bibliography, http://dblp.org}
}

@inproceedings{verma2011applying,
 author = {Verma, Manisha and Varma, Vasudeva},
 title = {Applying Key Phrase Extraction to Aid Invalidity Search},
 booktitle = {Proceedings of the 13th International Conference on Artificial Intelligence and Law},
 series = {ICAIL '11},
 year = {2011},
 isbn = {978-1-4503-0755-0},
 location = {Pittsburgh, Pennsylvania},
 pages = {249--255},
 numpages = {7},
 url = {http://doi.acm.org/10.1145/2018358.2018393},
 doi = {10.1145/2018358.2018393},
 acmid = {2018393},
 publisher = {ACM},
 address = {New York, NY, USA},
 keywords = {keyphrase extraction, patent retrieval},
} 

%Metrics

@inproceedings{magdy2010pres,
 author = {Magdy, Walid and Jones, Gareth J.F.},
 title = {{PRES}: A Score Metric for Evaluating Recall-oriented Information Retrieval Applications},
 booktitle = {Proceedings of the 33rd International ACM SIGIR Conference on Research and Development in Information Retrieval},
 series = {SIGIR '10},
 year = {2010},
 isbn = {978-1-4503-0153-4},
 location = {Geneva, Switzerland},
 pages = {611--618},
 numpages = {8},
 url = {http://doi.acm.org/10.1145/1835449.1835551},
 doi = {10.1145/1835449.1835551},
 acmid = {1835551},
 publisher = {ACM},
 address = {New York, NY, USA},
 keywords = {PRES, evaluation metric, patent retrieval, recall-oriented information retrieval},
} 

@incollection{trippe2011evaluating,
  title={Evaluating real patent retrieval effectiveness},
  author={Trippe, Anthony and Ruthven, Ian},
  booktitle={Current Challenges in Patent Information Retrieval},
  pages={125--143},
  year={2011},
  publisher={Springer}
}

%Citation

@inproceedings{magdy2010applying,
  author    = {Walid Magdy and
               Gareth J. F. Jones},
  title     = {Applying the {KISS} Principle for the {CLEF-} {IP} 2010 Prior Art
               Candidate Patent Search Task},
  booktitle = {{CLEF} 2010 LABs and Workshops, Notebook Papers, 22-23 September 2010,
               Padua, Italy},
  year      = {2010},
  url       = {http://ceur-ws.org/Vol-1176/CLEF2010wn-CLEF-IP-MagdyEt2010.pdf},
  timestamp = {Wed, 24 Sep 2014 16:55:04 +0200},
  biburl    = {http://dblp.uni-trier.de/rec/bib/conf/clef/MagdyJ10},
  bibsource = {dblp computer science bibliography, http://dblp.org}
}

@incollection{magdy2011simple,
  title={Simple vs. sophisticated approaches for patent prior-art search},
  author={Magdy, Walid and Lopez, Patrice and Jones, Gareth JF},
  booktitle={Advances in Information Retrieval - 33rd European Conference on {IR}
               Research, {ECIR} 2011, Dublin, Ireland, April 18-21, 2011. Proceedings},
  pages={725--728},
  year={2011},
  series    = {Lecture Notes in Computer Science},
  volume    = {6611},
  url       = {http://dx.doi.org/10.1007/978-3-642-20161-5_80},
  doi       = {10.1007/978-3-642-20161-5_80},
  publisher={Springer Berlin Heidelberg}
}

@inproceedings{lopez2010experiments,
  title={Experiments with citation mining and key-term extraction for prior art search},
  author={Lopez, Patrice and Romary, Laurent and others},
  booktitle={{CLEF} 2010 LABs and Workshops, Notebook Papers, 22-23 September 2010,
               Padua, Italy},
  year      ={2010},
  editor    = {Braschler, Martin and Harman, Donna and Pianta, Emanuele},
  series    = {{CEUR} Workshop Proceedings},
  volume    = {1176},
  publisher = {CEUR-WS.org},
  url       = {http://ceur-ws.org/Vol-1176/CLEF2010wn-CLEF-IP-LopezEt2010.pdf},
  timestamp = {Wed, 24 Sep 2014 16:55:04 +0200},
  biburl    = {http://dblp.uni-trier.de/rec/bib/conf/clef/LopezR10},
}
@inproceedings{fujii2007enhancing,
 author = {Fujii, Atsushi},
 title = {Enhancing Patent Retrieval by Citation Analysis},
 booktitle = {Proceedings of the 30th Annual International ACM SIGIR Conference on Research and Development in Information Retrieval},
 series = {SIGIR '07},
 year = {2007},
 isbn = {978-1-59593-597-7},
 location = {Amsterdam, The Netherlands},
 pages = {793--794},
 numpages = {2},
 url = {http://doi.acm.org/10.1145/1277741.1277912},
 doi = {10.1145/1277741.1277912},
 acmid = {1277912},
 publisher = {ACM},
 address = {New York, NY, USA},
 keywords = {NTCIR, citation analysis, patent retrieval},
} 

@inproceedings{fujii2007integrating,
  title={Integrating content and citation information for the {NTCIR}-6 patent retrieval task},
  author={Fujii, Atsushi},
  booktitle={Proceedings of the 6th {NTCIR} Workshop Meeting on Evaluation of Information
               Access Technologies: Information Retrieval, Question Answering and
               Cross-Lingual Information Access, NTCIR-6, National Center of Sciences,
               Tokyo, Japan, May 15-18, 2007},
  pages={377--380},
  url       = {http://research.nii.ac.jp/ntcir/workshop/OnlineProceedings6/NTCIR/76.pdf},
  publisher = {National Institute of Informatics {(NII)}},
  doi       = {10.1016/j.ipm.2006.11.004},
  year={2007}
}

@incollection{gobeill2010simple,
  title={Simple pre and post processing strategies for patent searching in {clef} intellectual property track 2009},
  author={Gobeill, Julien and Pasche, Emilie and Teodoro, Douglas and Ruch, Patrick},
  booktitle={Multilingual Information Access Evaluation I. Text Retrieval Experiments,
               10th Workshop of the Cross-Language Evaluation Forum, {CLEF} 2009,
               Corfu, Greece, September 30 - October 2, 2009, Revised Selected Papers},
  pages={444--451},
  year={2010},
  url       = {http://dx.doi.org/10.1007/978-3-642-15754-7_53},
  doi       = {10.1007/978-3-642-15754-7_53},
  series    = {Lecture Notes in Computer Science},
  volume    = {6241},
  publisher={Springer Berlin Heidelberg}
}

@inproceedings{gurulingappa2010prior,
  author    = {Harsha Gurulingappa and
               Bernd M{\"{u}}ller and
               Roman Klinger and
               Heinz{-}Theodor Mevissen and
               Martin Hofmann{-}Apitius and
               Christoph M. Friedrich and
               Juliane Fluck},
  title     = {Prior Art Search in Chemistry Patents Based On Semantic Concepts and
               Co-Citation Analysis},
  booktitle = {Proceedings of The Nineteenth Text REtrieval Conference, {TREC} 2010,
               Gaithersburg, Maryland, USA, November 16-19, 2010},
  year      = {2010},
  url       = {http://trec.nist.gov/pubs/trec19/papers/fraunhofer-scai.chem.rev.pdf},
  timestamp = {Tue, 07 Apr 2015 13:04:04 +0200},
  biburl    = {http://dblp.uni-trier.de/rec/bib/conf/trec/GurulingappaMKMHFF10},
  bibsource = {dblp computer science bibliography, http://dblp.org}
}

@inproceedings{lopez2009multiple,
  author    = {Patrice Lopez and
               Laurent Romary},
  title     = {Multiple Retrieval Models and Regression Models for Prior Art Search},
  booktitle = {Working Notes for {CLEF} 2009 Workshop co-located with the 13th European
               Conference on Digital Libraries {(ECDL} 2009) , Corf{\`{u}}, Greece,
               September 30 - October 2, 2009.},
  year      = {2009},
  url       = {http://ceur-ws.org/Vol-1175/CLEF2009wn-CLEFIP-LopezEt2009.pdf},
  timestamp = {Mon, 29 Sep 2014 15:02:10 +0200},
  biburl    = {http://dblp.uni-trier.de/rec/bib/conf/clef/LopezR09a},
  bibsource = {dblp computer science bibliography, http://dblp.org}
}

@article{fujita2005revisiting,
 author = {Fujita, Sumio},
 journal={ACM Transactions on Asian Language Information Processing (TALIP)},
 title = {Revisiting Document Length Hypotheses: A Comparative Study of Japanese Newspaper and Patent Retrieval},
 issue_date = {June 2005},
 volume = {4},
 number = {2},
 month = jun,
 year = {2005},
 issn = {1530-0226},
 pages = {207--235},
 numpages = {29},
 url = {http://doi.acm.org/10.1145/1105696.1105853},
 doi = {10.1145/1105696.1105853},
 acmid = {1105853},
 publisher = {ACM},
 address = {New York, NY, USA},
} 

@incollection{graf2010knowledge,
  title={Knowledge modeling in prior art search},
  author={Graf, Erik and Frommholz, Ingo and Lalmas, Mounia and Van Rijsbergen, Keith},
  booktitle={Advances in Multidisciplinary Retrieval, First Information Retrieval
               Facility Conference, {IRFC} 2010, Vienna, Austria, May 31, 2010. Proceedings},
  pages={31--46},
  year={2010},
  url       = {http://dx.doi.org/10.1007/978-3-642-13084-7_4},
  doi       = {10.1007/978-3-642-13084-7_4},
  series    = {Lecture Notes in Computer Science},
  volume    = {6107},
  publisher={Springer Berlin Heidelberg}
}

@incollection{herbert2010prior,
  title={Prior art search using international patent classification codes and all-claims-queries},
  author={Herbert, Benjamin and Szarvas, Gy{\"o}rgy and Gurevych, Iryna},
  booktitle={Multilingual Information Access Evaluation I. Text Retrieval Experiments,
               10th Workshop of the Cross-Language Evaluation Forum, {CLEF} 2009,
               Corfu, Greece, September 30 - October 2, 2009, Revised Selected Papers},
  pages={452--459},
  year={2009},
  url       = {http://dx.doi.org/10.1007/978-3-642-15754-7_54},
  doi       = {10.1007/978-3-642-15754-7_54},
  series    = {Lecture Notes in Computer Science},
  volume    = {6241},
  publisher={Springer Berlin Heidelberg}
}

@article{kang2007cluster,
  title={Cluster-based patent retrieval},
  author={Kang, In-Su and Na, Seung-Hoon and Kim, Jungi and Lee, Jong-Hyeok},
  journal={Information Processing \& Management},
  volume={43},
  number={5},
  pages={1173--1182},
  year={2007},
  url       = {http://dx.doi.org/10.1016/j.ipm.2006.11.006},
  doi       = {10.1016/j.ipm.2006.11.006},
  publisher={Elsevier}
}


%2-stages

@inproceedings{takaki2004associative,
 author = {Takaki, Toru and Fujii, Atsushi and Ishikawa, Tetsuya},
 title = {Associative Document Retrieval by Query Subtopic Analysis and Its Application to Invalidity Patent Search},
 booktitle = {Proceedings of the Thirteenth ACM International Conference on Information and Knowledge Management},
 series = {CIKM '04},
 year = {2004},
 isbn = {1-58113-874-1},
 location = {Washington, D.C., USA},
 pages = {399--405},
 numpages = {7},
 url = {http://doi.acm.org/10.1145/1031171.1031251},
 doi = {10.1145/1031171.1031251},
 acmid = {1031251},
 publisher = {ACM},
 address = {New York, NY, USA},
 keywords = {associative document retrieval, invalidity patent search, query subtopic analysis, subtopics},
} 

@article{mase2005proposal,
 author = {Mase, Hisao and Matsubayashi, Tadataka and Ogawa, Yuichi and Iwayama, Makoto and Oshio, Tadaaki},
 journal={ACM Transactions on Asian Language Information Processing (TALIP)},
 title = {Proposal of Two-stage Patent Retrieval Method Considering the Claim Structure},
 issue_date = {June 2005},
 volume = {4},
 number = {2},
 month = jun,
 year = {2005},
 issn = {1530-0226},
 pages = {190--206},
 numpages = {17},
 url = {http://doi.acm.org/10.1145/1105696.1105702},
 doi = {10.1145/1105696.1105702},
 acmid = {1105702},
 publisher = {ACM},
 address = {New York, NY, USA},
 keywords = {Patent retrieval, claim structure, relevant score calculation, term extraction, term weighting},
} 

@inproceedings{verma2011exploring,
  title={Exploring Keyphrase Extraction and {IPC} Classification Vectors for Prior Art Search.},
  author={Verma, Manisha and Varma, Vasudeva},
  booktitle={{CLEF} 2011 Labs and Workshop, Notebook Papers, 19-22 September 2011,
               Amsterdam, The Netherlands},
               url       = {http://ceur-ws.org/Vol-1177/CLEF2011wn-CLEF-IP-VermaEt2011.pdf},
  year={2011}
}

%Classification code

@inproceedings{harris2010comparison,
 author = {Harris, Christopher G. and Arens, Robert and Srinivasan, Padmini},
 title = {Comparison of {IPC} and {USPC} Classification Systems in Patent Prior Art Searches},
 booktitle = {Proceedings of the 3rd International Workshop on Patent Information Retrieval},
 series = {PaIR '10},
 year = {2010},
 isbn = {978-1-4503-0384-2},
 location = {Toronto, ON, Canada},
 pages = {27--32},
 numpages = {6},
 url = {http://doi.acm.org/10.1145/1871888.1871894},
 doi = {10.1145/1871888.1871894},
 acmid = {1871894},
 publisher = {ACM},
 address = {New York, NY, USA},
 keywords = {indri, ipc, patent classification, uspc},
} 

@incollection{harris2011using,
  title={Using classification code hierarchies for patent prior art searches},
  author={Harris, Christopher G and Arens, Robert and Srinivasan, Padmini},
  booktitle={Current Challenges in Patent Information Retrieval},
  pages={287--304},
  year={2011},
  publisher={Springer Berlin Heidelberg}
}

@inproceedings{harris2009role,
 author = {Harris, Christopher G. and Foster, Steven and Arens, Robert and Srinivasan, Padmini},
 title = {On the Role of Classification in Patent Invalidity Searches},
 booktitle = {Proceedings of the 2nd International Workshop on Patent Information Retrieval},
 series = {PaIR '09},
 year = {2009},
 isbn = {978-1-60558-809-4},
 location = {Hong Kong, China},
 pages = {29--32},
 numpages = {4},
 url = {http://doi.acm.org/10.1145/1651343.1651350},
 doi = {10.1145/1651343.1651350},
 acmid = {1651350},
 publisher = {ACM},
 address = {New York, NY, USA},
 keywords = {hierarchical classification, invalidity patent search, wordnet},
} 
@incollection{lopez2010patatras,
  title={{PATATRAS:} Retrieval model combination and regression models for prior art search},
  author={Lopez, Patrice and Romary, Laurent},
  booktitle={Multilingual Information Access Evaluation I. Text Retrieval Experiments,
               10th Workshop of the Cross-Language Evaluation Forum, {CLEF} 2009,
               Corfu, Greece, September 30 - October 2, 2009, Revised Selected Papers},
  pages={430--437},
  year={2009},
  series    = {Lecture Notes in Computer Science},
  volume    = {6241},
  url       = {http://dx.doi.org/10.1007/978-3-642-15754-7},
  doi       = {10.1007/978-3-642-15754-7},
  isbn      = {978-3-642-15753-0},
  timestamp = {Fri, 15 Aug 2014 09:47:27 +0200},
  publisher={Springer Berlin Heidelberg}
}
@inproceedings{DBLP:conf/clef/DhondtV10,
  author    = {Eva D'hondt and
               Suzan Verberne},
  title     = {{CLEF-IP} 2010: Prior Art Retrieval Using the Different Sections in
               Patent Documents},
  booktitle = {{CLEF} 2010 LABs and Workshops, Notebook Papers, 22-23 September 2010,
               Padua, Italy},
  year      = {2010},
  url       = {http://ceur-ws.org/Vol-1176/CLEF2010wn-CLEF-IP-DhondtEt2010.pdf},
  timestamp = {Wed, 24 Sep 2014 16:55:04 +0200},
  biburl    = {http://dblp.uni-trier.de/rec/bib/conf/clef/DhondtV10},
  bibsource = {dblp computer science bibliography, http://dblp.org}
}

%prior-art search
@inproceedings{roda2010clef,
  author    = {Giovanna Roda and
               John Tait and
               Florina Piroi and
               Veronika Zenz},
  title     = {{CLEF-IP} 2009: Retrieval Experiments in the Intellectual Property
               Domain},
  booktitle = {Multilingual Information Access Evaluation I. Text Retrieval Experiments,
               10th Workshop of the Cross-Language Evaluation Forum, {CLEF} 2009,
               Corfu, Greece, September 30 - October 2, 2009, Revised Selected Papers},
  pages     = {385--409},
  year      = {2009},
  url       = {http://dx.doi.org/10.1007/978-3-642-15754-7_47},
  doi       = {10.1007/978-3-642-15754-7_47},
  timestamp = {Fri, 15 Aug 2014 09:47:27 +0200},
  biburl    = {http://dblp.uni-trier.de/rec/bib/conf/clef/RodaTPZ09},
  bibsource = {dblp computer science bibliography, http://dblp.org}
}

@inproceedings{graf2008methodology,
  title={A methodology for building a patent test collection for prior art search},
  author={Graf, Erik and Azzopardi, Leif},
  booktitle={Proceedings of the second international workshop on evaluating information access (EVIA)},
  pages={60--71},
  year={2008}
}

%Multilinguality 

@article{magdy2013studying,
  title={Studying machine translation technologies for large-data {CLIR} tasks: a patent prior-art search case study},
  author={Magdy, Walid and Jones, Gareth JF},
  journal={Information Retrieval},
  volume    = {17},
  pages     = {492--519},
  year      = {2014},
  url       = {http://dx.doi.org/10.1007/s10791-013-9231-6},
  doi       = {10.1007/s10791-013-9231-6},
  publisher={Springer}
}

%Flowchart

@inproceedings{lupu2013evaluating,
  title={Evaluating Flowchart Recognition for Patent Retrieval},
  author={Lupu, Mihai and Piroi, Florina and Hanbury, Allan},
  booktitle={Proceedings of the 5th International Workshop on Evaluating Information
               Access, {EVIA} 2013, National Center of Sciences, Tokyo, Japan, June
               18},
  pages={37--44},
  publisher = {National Institute of Informatics {(NII)}},
  url       = {http://research.nii.ac.jp/ntcir/workshop/OnlineProceedings10/pdf/EVIA/08-EVIA2013-LupuM.pdf},
  year={2013}
}

@INCOLLECTION{Roda2009,
  author = {Roda, Giovanna and Tait, John and Piroi, Florina and Zenz, Veronika},
  title = {CLEF-IP 2009: Retrieval Experiments in the Intellectual Property
	Domain},
  booktitle = {Multilingual Information Access Evaluation I. Text Retrieval Experiments},
  publisher = {Springer},
  year = {2009},
  editor = {Peters, Carol and Nunzio, GiorgioMaria and Kurimo, Mikko and Mandl,
	Thomas and Mostefa, Djamel and Penas, Anselmo and Roda, Giovanna},
  volume = {6241},
  series = {Lecture Notes in Computer Science},
  pages = {385-409},
  doi = {10.1007/978-3-642-15754-7_47},
  isbn = {978-3-642-15753-0},
  url = {http://dx.doi.org/10.1007/978-3-642-15754-7_47}
}
% Croft's papers
@inproceedings{maxwell2013compact,
 author = {Maxwell, K. Tamsin and Croft, W. Bruce},
 title = {Compact Query Term Selection Using Topically Related Text},
 booktitle = {Proceedings of the 36th International ACM SIGIR Conference on Research and Development in Information Retrieval},
 series = {SIGIR '13},
 year = {2013},
 isbn = {978-1-4503-2034-4},
 location = {Dublin, Ireland},
 pages = {583--592},
 numpages = {10},
 url = {http://doi.acm.org/10.1145/2484028.2484096},
 doi = {10.1145/2484028.2484096},
 acmid = {2484096},
 publisher = {ACM},
 address = {New York, NY, USA},
 keywords = {query reformulation, random walk, verbose queries},
} 

@ARTICLE{LH:83,
  author = {Henry Lieberman and Carl Hewitt},
  title = {A real-time garbage collector based on the lifetimes of objects},
  journal = CACM,
  year = {1983},
  month = jun,
  volume = {26},
  pages = {419--429},
  number = {6},
  address = {New York, New York, USA},
  doi = {10.1145/358141.358147},
  issn = {0001-0782},
  publisher = {ACM}
}

@InProceedings{Moon:84,
	author = {David A. Moon},
	title = {Garbage collection in a large {LISP} system},
	crossref = {LFP:84},
	pages = {235--246},
	doi = {10.1145/800055.802040},
}

@Proceedings{LFP:84,
	title = LFP84,
	booktitle = LFP84,
	shortname = "LFP '84",
	year = {1984},
	month = aug,
	location = {Austin, Texas, USA},
	publisher = {ACM},
	address = {New York, New York, USA},
	isbn = {0-89791-142-3},
}	

@InProceedings{Ungar:84,
	author = {David Ungar},
	title = {Generation Scavenging: A non-disruptive high performance storage reclamation algorithm},
	crossref = {SDE:1},
	pages = {157--167},
	doi = {10.1145/800020.808261},
}
@Proceedings{SDE:1,
	title = SDE1,
	booktitle = SDE1,
	shortname = "SDE 1",
	year = {1984},
	month = apr,
	location = {Pittsburgh, Pennsylvania, USA},
	publisher = {ACM},
	address = {New York, New York, USA},
	isbn = {0-89791-131-8},
}

@inproceedings{robertson1994some,
 author = {Robertson, S. E. and Walker, S.},
 title = {Some Simple Effective Approximations to the 2-Poisson Model for Probabilistic Weighted Retrieval},
 booktitle = {Proceedings of the 17th Annual International ACM SIGIR Conference on Research and Development in Information Retrieval},
 series = {SIGIR '94},
 year = {1994},
 isbn = {0-387-19889-X},
 location = {Dublin, Ireland},
 pages = {232--241},
 numpages = {10},
 url = {http://dl.acm.org/citation.cfm?id=188490.188561},
 acmid = {188561},
 publisher = {Springer-Verlag New York, Inc.},
 address = {New York, NY, USA},
} 

@Inproceedings {Robertson1993,
author       = {S. E. Robertson and S. Walker and S. Jones and M. M. Hancock-Beaulieu and M.
                Gatford},
booktitle    = {The Second Text REtrieval Conference (TREC-2)},
month        = {January},
pages        = {21-34},
publisher    = {Gaithersburg, MD: NIST},
title        = {Okapi at TREC-2},
url          = {http://research.microsoft.com/apps/pubs/default.aspx?id=67648},
year         = {1994},
}

@incollection{Porter1980,
 author = {Porter, M. F.},
 title = {An algorithm for suffix stripping},
 year = {1980},
 booktitle = {Program},
 volume={14},
 pages = {130-137}
} 
@article{mahdabi2014patent,
 author = {Mahdabi, Parvaz and Crestani, Fabio},
 title = {Patent Query Formulation by Synthesizing Multiple Sources of Relevance Evidence},
 journal = {ACM Trans. Inf. Syst.},
 issue_date = {October 2014},
 volume = {32},
 number = {4},
 month = oct,
 year = {2014},
 issn = {1046-8188},
 pages = {16:1--16:30},
 articleno = {16},
 numpages = {30},
 url = {http://doi.acm.org/10.1145/2651363},
 doi = {10.1145/2651363},
 acmid = {2651363},
 publisher = {ACM},
 address = {New York, NY, USA},
 keywords = {Patent search, citation analysis, proximity, query expansion},
} 

@inproceedings{Piroi2010,
  author    = {Florina Piroi},
  title     = {{CLEF-IP} 2010: Retrieval Experiments in the Intellectual Property
               Domain},
  booktitle = {{CLEF} 2010 LABs and Workshops, Notebook Papers, 22-23 September 2010,
               Padua, Italy},
  year      = {2010}
}

@inproceedings{zhang2010search,
 author = {Zhang, Junte and Kamps, Jaap},
 title = {Search Log Analysis of User Stereotypes, Information Seeking Behavior, and Contextual Evaluation},
 booktitle = {Proceedings of the Third Symposium on Information Interaction in Context},
 series = {IIiX '10},
 year = {2010},
 isbn = {978-1-4503-0247-0},
 location = {New Brunswick, New Jersey, USA},
 pages = {245--254},
 numpages = {10},
 url = {http://doi.acm.org/10.1145/1840784.1840820},
 doi = {10.1145/1840784.1840820},
 acmid = {1840820},
 publisher = {ACM},
 keywords = {archives, evaluation, search log analysis, user stereotypes},
} 

@article{kullback1951information,
  title={On information and sufficiency},
  author={Kullback, Solomon and Leibler, Richard A},
  journal={The Annals of Mathematical Statistics},
  pages={79--86},
  year={1951},
  publisher={JSTOR}
}

@inproceedings{Suominen08t.:critical,
    author = {Hanna Suominen and Tapio Pahikkala and Tapio Salakoski},
    title = {T.: Critical points in assessing learning performance via cross-validation},
    booktitle = {Proceedings of the 2nd International and Interdisciplinary Conference on Adaptive Knowledge Representation and Reasoning (AKRR 2008), Helsinki University of Technology},
    year = {2008},
    pages = {9--22}
}

@techreport{piroi2010clef,
  title={{CLEF}-{IP} 2010: Prior art candidates search evaluation summary},
  author={Piroi, Florina},
  year={2010},
  institution={Technical Report IRF TR 2010 00003, Information Retrieval Facility, Vienna}
}

@inproceedings{mona2015termselection,
 author = {Golestan Far, Mona and Sanner, Scott and Bouadjenek, Reda and Ferraro, Gabriela and Hawking, David},
 title = {On Term Selection Techniques for Patent Prior Art Search},
 booktitle = {Proceedings of the 38th International ACM SIGIR Conference on Research and Development in Information Retrieval},
 series = {SIGIR '15},
 year = {2015},
month = {August 09 - 13},
 location = {Santiago, Chile},
 publisher = {ACM},
 address = {New York, NY, USA},
 keywords = {patent search, query formulation},
} 

@inproceedings{Bouadjenek:2015:SQR:2746090.2746092,
 author = {Bouadjenek, Mohamed Reda and Sanner, Scott and Ferraro, Gabriela},
 title = {A Study of Query Reformulation for Patent Prior Art Search with Partial Patent Applications},
 booktitle = {Proceedings of the 15th International Conference on Artificial Intelligence and Law},
 series = {ICAIL '15},
 year = {2015},
 isbn = {978-1-4503-3522-5},
 location = {San Diego, California},
 pages = {23--32},
 numpages = {10},
 url = {http://doi.acm.org/10.1145/2746090.2746092},
 doi = {10.1145/2746090.2746092},
 acmid = {2746092},
 publisher = {ACM},
 address = {New York, NY, USA},
 keywords = {patent search, query reformulation},
} 

