@inproceedings{joho2010survey,
  title={A survey of patent users: an analysis of tasks, behavior, search functionality and system requirements},
  author={Joho, Hideo and Azzopardi, Leif A and Vanderbauwhede, Wim},
  booktitle={Proceedings of the third symposium on Information interaction in context},
  pages={13--24},
  year={2010},
  organization={ACM}
}

@incollection{bashir2010improving,
  title={Improving retrievability of patents in prior-art search},
  author={Bashir, Shariq and Rauber, Andreas},
  booktitle={Advances in Information Retrieval},
  pages={457--470},
  year={2010},
  publisher={Springer}
}

@inproceedings{ganguly2011patent,
  title={Patent query reduction using pseudo relevance feedback},
  author={Ganguly, Debasis and Leveling, Johannes and Magdy, Walid and Jones, Gareth JF},
  booktitle={Proceedings of the 20th ACM international conference on Information and knowledge management},
  pages={1953--1956},
  year={2011},
  organization={ACM}
}

@inproceedings{kumaran2009reducing,
  title={Reducing long queries using query quality predictors},
  author={Kumaran, Giridhar and Carvalho, Vitor R},
  booktitle={Proceedings of the 32nd international ACM SIGIR conference on Research and development in information retrieval},
  pages={564--571},
  year={2009},
  organization={ACM}
}

@inproceedings{lopez2010experiments,
  title={Experiments with citation mining and key-term extraction for prior art search},
  author={Lopez, Patrice and Romary, Laurent},
  booktitle={CLEF 2010-Conference on Multilingual and Multimodal Information Access Evaluation},
  year={2010}
}

@incollection{lopez2010patatras,
  title={Patatras: Retrieval model combination and regression models for prior art search},
  author={Lopez, Patrice and Romary, Laurent},
  booktitle={Multilingual Information Access Evaluation I. Text Retrieval Experiments},
  pages={430--437},
  year={2010},
  publisher={Springer}
}

@article{lupu2013patent,
  title={Patent Retrieval.},
  author={Lupu, Mihai and Hanbury, Allan and others},
  journal={Foundations and Trends in Information Retrieval},
  volume={7},
  number={1},
  pages={1--97},
  year={2013},
  publisher={Citeseer}
}

@inproceedings{lupu2013evaluating,
  title={Evaluating Flowchart Recognition for Patent Retrieval},
  author={Lupu, Mihai and Piroi, Florina and Hanbury, Allan},
  booktitle={The Fifth International Workshop on Evaluating Information Access (EVIA)},
  pages={37--44},
  year={2013}
}

@inproceedings{mahdabi2013leveraging,
  title={Leveraging conceptual lexicon: query disambiguation using proximity information for patent retrieval},
  author={Mahdabi, Parvaz and Gerani, Shima and Huang, Jimmy Xiangji and Crestani, Fabio},
  booktitle={Proceedings of the 36th international ACM SIGIR conference on Research and development in information retrieval},
  pages={113--122},
  year={2013},
  organization={ACM}
}

@article{mahdabi2014patent,
  title={Patent Query Formulation by Synthesizing Multiple Sources of Relevance Evidence},
  author={Mahdabi, Parvaz and Crestani, Fabio},
  journal={ACM Transactions on Information Systems (TOIS)},
  volume={32},
  number={4},
  pages={16},
  year={2014},
  publisher={ACM}
}

@phdthesis{magdy2012toward,
  title={Toward higher effectiveness for recall-oriented information retrieval: A patent retrieval case study},
  author={Magdy, Walid},
  year={2012},
  school={Dublin City University}
}

@article{magdy2014studying,
  title={Studying machine translation technologies for large-data CLIR tasks: a patent prior-art search case study},
  author={Magdy, Walid and Jones, Gareth JF},
  journal={Information Retrieval},
  volume={17},
  number={5-6},
  pages={492--519},
  year={2014},
  publisher={Springer}
}

@inproceedings{magdy2011study,
  title={A study on query expansion methods for patent retrieval},
  author={Magdy, Walid and Jones, Gareth JF},
  booktitle={Proceedings of the 4th workshop on Patent information retrieval},
  pages={19--24},
  year={2011},
  organization={ACM}
}

@INPROCEEDINGS{Mahdabi2013,
  author = {Mahdabi, Parvaz and Gerani, Shima and Huang, Jimmy Xiangji and Crestani,
	Fabio},
  title = {Leveraging conceptual lexicon: query disambiguation using proximity
	information for patent retrieval},
  booktitle = {SIGIR},
  year = {2013},
  acmid = {2484056},
  doi = {10.1145/2484028.2484056},
  isbn = {978-1-4503-2034-4},
  keywords = {patent search, proximity information, query expansion},
  location = {Dublin, Ireland},
  numpages = {10},
  url = {http://doi.acm.org/10.1145/2484028.2484056}
}

@inproceedings{maxwell2013compact,
  title={Compact query term selection using topically related text},
  author={Maxwell, K Tamsin and Croft, W Bruce},
  booktitle={Proceedings of the 36th international ACM SIGIR conference on Research and development in information retrieval},
  pages={583--592},
  year={2013},
  organization={ACM}
}

@incollection{piroi2013overview,
  title={Overview of CLEF-IP 2013 Lab},
  author={Piroi, Florina and Lupu, Mihai and Hanbury, Allan},
  booktitle={Information Access Evaluation. Multilinguality, Multimodality, and Visualization},
  pages={232--249},
  year={2013},
  publisher={Springer}
}

@inproceedings{xue2009transforming,
  title={Transforming patents into prior-art queries},
  author={Xue, Xiaoibng and Croft, W Bruce},
  booktitle={Proceedings of the 32nd international ACM SIGIR conference on Research and development in information retrieval},
  pages={808--809},
  year={2009},
  organization={ACM}
}

@inproceedings{kim2014diversifying,
  title={Diversifying query suggestions based on query documents},
  author={Kim, Youngho and Croft, W Bruce},
  booktitle={Proceedings of the 37th international ACM SIGIR conference on Research \& development in information retrieval},
  pages={891--894},
  year={2014},
  organization={ACM}
}
@inproceedings{Robertson1993,
author = {Robertson, Stephen E and Walker, Steve and Jones, Susan and Hancock-Beaulieu, Micheline and Gatford, Mike},
booktitle = {TREC},
pages = {21--34},
title = {{Okapi at TREC-2}},
year = {1993}
}
@article{Salton1975,
address = {New York, NY, USA},
author = {Salton, G and Wong, A and Yang, C S},
issn = {0001-0782},
journal = {Commun. ACM},
keywords = {automatic indexing,automatic information retrieval,content analysis,document space},
number = {11},
pages = {613--620},
publisher = {ACM},
title = {{A Vector Space Model for Automatic Indexing}},
volume = {18},
year = {1975}
}
@inproceedings{Zhai2001,
 author = {Zhai, Chengxiang and Lafferty, John},
 title = {A Study of Smoothing Methods for Language Models Applied to Ad Hoc Information Retrieval},
 booktitle = {Proceedings of the 24th Annual International ACM SIGIR Conference on Research and Development in Information Retrieval},
 series = {SIGIR '01},
 year = {2001},
 isbn = {1-58113-331-6},
 location = {New Orleans, Louisiana, USA},
 pages = {334--342},
 numpages = {9},
 acmid = {384019},
 publisher = {ACM},
 address = {New York, NY, USA},
} 



%-----------------------------------------------------------

